4860 6048
1194 405 1236 475 68

313 641 436 710 fructus
463 640 602 710 mammo
628 643 789 710 necessari
816 643 859 712 sd
879 645 998 713 rictum
1020 695 1157 713 .....
1181 645 1303 726 Quarto
1325 643 1482 730 Robigum
1508 663 1546 710 ao
1575 641 1704 710 Floram
1727 695 1734 712 .
1759 695 1766 710 .
1791 694 1799 712 .
1823 692 1831 708 .
1853 644 1932 710 item
1949 641 2127 712 advenerer

313 747 490 814 Minervam
518 753 551 813 et
573 744 739 826 Venerem,
766 768 901 832 quarum
923 751 1017 816 unius
1038 752 1222 835 procuratio
1245 749 1362 832 oliveti,
1385 749 1518 816 alterius
1539 747 1705 816 hortorum
1728 799 1735 816 .
1759 797 1767 814 .
1792 799 1800 815 .
1825 799 1832 815 .
1855 745 1923 816 Nee
1944 767 2007 813 non
2028 748 2127 814 etiarn

313 871 427 935 precor
448 849 627 936 Lympham
654 871 694 916 ao
716 851 839 917 Bonum
861 852 1018 921 Eventum
1041 903 1049 918 .
1073 903 1081 921 .
1107 905 1114 920 .
1138 856 1178 920 iis
1205 854 1305 938 igitur
1333 854 1401 921 deis
1423 853 1466 919 ad
1485 853 1720 919 uenerationem
1736 852 1899 918 advocatis
1914 872 1973 936 ogo
1987 851 2126 918 referam

313 974 474 1020 sermones
496 957 566 1020 eta’
612 953 771 1038 Vergilius
792 957 892 1040 igitur
914 963 1074 1042 precatur,
1097 979 1132 1025 se
1155 964 1190 1024 nt
1212 957 1364 1025 adiuvent
1385 956 1564 1024 clarissima
1584 955 1706 1024 lumina
1727 954 1846 1038 mnndi,
1869 955 1890 1021 i.
1907 977 1934 1022 e.
1960 954 2067 1022 Solem
2089 961 2123 1023 et

313 1057 446 1140 Lunam,
469 1057 630 1136 Liberum,
660 1057 818 1142 Cererem,
846 1060 983 1141 Faunos,
1012 1061 1169 1148 Dryadas,
1203 1060 1397 1146 Neptunum,
1425 1061 1555 1139 Panem,
1584 1059 1770 1139 Minervam,
1800 1057 1973 1139 Silvanum,
2001 1065 2125 1126 ceteros

314 1159 390 1228 deos
412 1168 571 1245 agrestes;
605 1160 709 1228 Varro
742 1162 870 1230 invocat
901 1164 1022 1244 Jovem,
1058 1165 1226 1246 Tellurem,
1259 1164 1375 1246 Solem,
1408 1165 1543 1246 Lunam,
1574 1162 1732 1242 Cererem,
1767 1161 1928 1244 Liberum,
1957 1160 2124 1247 Robigum,

312 1257 452 1346 Floram,
475 1265 661 1348 Minervam,
685 1265 850 1348 Venerem,
874 1269 1062 1355 Lympham,
1085 1269 1209 1336 Bonum
1224 1268 1389 1335 Euentum.
1424 1266 1522 1334 Vides
1542 1266 1629 1352 apud
1649 1273 1821 1352 utrumqne
1835 1271 1966 1351 praeter
1985 1267 2125 1351 quinque

313 1405 356 1416 —
379 1368 485 1436 Solem
506 1369 631 1436 Lunam
653 1368 801 1437 Cererem
825 1370 977 1440 Liberum
999 1373 1175 1440 Minervam
1197 1370 1355 1456 -longe
1382 1371 1463 1438 alios
1485 1371 1562 1438 deos
1583 1369 1707 1450 induoi;
1734 1370 1791 1437 sed
1813 1368 2069 1436 animaduertere
2092 1375 2124 1437 te

314 1472 418 1555 velim,
452 1479 574 1559 quanto
609 1474 706 1539 etiam
738 1474 772 1539 in
804 1475 855 1541 his
887 1477 1072 1544 invocandis
1104 1484 1240 1560 uterque
1273 1475 1411 1542 differat.
1474 1473 1530 1542 Sol
1563 1481 1595 1541 ct
1623 1474 1725 1554 Luna,
1753 1495 1774 1539 a
1807 1473 1952 1540 Varrone
1983 1472 2125 1540 breviter

314 1579 488 1659 nominata,
522 1575 657 1642 circuitu
685 1575 854 1663 eloquendi
876 1601 897 1646 a
919 1580 1053 1666 Vergilii
1081 1579 1229 1647 dicuntur
1257 1581 1333 1660 ‘voa
1363 1599 1382 1646 o
1409 1579 1588 1647 clarissima
1614 1573 1749 1656 mundi;’
1777 1576 1876 1644 Liber
1902 1584 1937 1644 et
1958 1575 2066 1656 Ceres,
2088 1581 2125 1644 nt

313 1679 360 1748 ait
381 1678 552 1765 Vergilius,
580 1678 730 1765 leguntur
756 1688 916 1750 retrorsus
944 1685 1031 1769 apud
1054 1684 1239 1751 Varronem.
1291 1683 1367 1750 Sola
1394 1681 1548 1762 Minerva,
1577 1681 1711 1765 Vergilii
1739 1680 1839 1748 ‘oleae
1867 1679 2046 1763 inventrix’,
2075 1686 2125 1747 est

314 1783 478 1867 Varronis,
501 1785 607 1852 altera
628 1784 761 1853 dearum
783 1789 930 1872 ‘quarum
951 1788 1045 1854 unius
1066 1789 1249 1873 procuratio
1271 1787 1399 1854 oliveti?
1437 1784 1550 1872 Neque
1571 1806 1647 1852 sero
1669 1790 1702 1852 te
1724 1806 1848 1852 summa
1868 1784 1976 1851 fallat:
2005 1782 2124 1851 diserte

312 1887 417 1954 Varro
452 1888 595 1957 dederat
626 1911 680 1957 eos
708 1889 784 1957 deos
813 1890 929 1976 quibus
956 1891 1114 1958 Homerus
1143 1898 1175 1958 et
1196 1891 1317 1957 Ennius
1346 1891 1528 1976 supplicent
1554 1911 1590 1957 se
1615 1911 1679 1957 non
1706 1891 1925 1956 invocaturum
1953 1908 2023 1956 esse
2049 1888 2070 1953 i
2094 1907 2122 1955 e.

312 2013 432 2077 graeca
463 1994 608 2076 numina;
655 1993 815 2078 Vergilius
854 1992 986 2061 Graecis
1012 2000 1099 2061 totus
1138 1995 1265 2063 deditus
1299 1995 1449 2063 Cererem
1482 1994 1629 2082 Dryadas
1661 1993 1846 2078 Neptunum
1878 1992 1997 2059 Panem
2030 1991 2123 2057 initio

314 2097 464 2163 carminis
496 2103 647 2182 precatur
675 2097 889 2164 Romanorum
919 2098 1077 2182 indigenis
1105 2097 1173 2166 deis
1200 2099 1407 2184 posthabitis,
1441 2099 1635 2182 nequiquam
1656 2099 1754 2182 igitur
1778 2096 1864 2182 apud
1886 2116 1958 2164 enm
1979 2095 2124 2179 requires

313 2199 470 2285 Robigum
492 2200 621 2267 Floram
644 2201 823 2287 Lympham
844 2202 969 2269 Bonum
991 2201 1156 2268 Eventnm.
1208 2201 1328 2268 Tamen
1356 2203 1419 2268 nisi
1440 2200 1544 2270 Varro
1572 2201 1752 2286 exemplum
1775 2199 1937 2282 edidisset,
1964 2196 2123 2283 Vergilius

312 2323 333 2368 a
354 2303 511 2371 similibus
533 2306 680 2391 precibus
703 2326 831 2372 mrmen
853 2307 921 2372 sine
943 2305 1040 2373 dnbio
1061 2326 1234 2390 numquam
1256 2306 1446 2373 inchoasset.

463 2406 576 2495 Neque
598 2408 694 2475 aliter
715 2408 920 2475 iudicandum
943 2415 992 2474 est
1019 2407 1059 2476 de
1080 2409 1225 2476 uersibus
1248 2406 1315 2475 Ceo
1337 2409 1369 2476 ll
1394 2411 1466 2489 136,
1489 2410 1545 2477 nbi
1567 2408 1727 2496 Vergilius
1748 2407 1862 2476 landes
1882 2406 1998 2475 Italiae
2020 2405 2122 2485 oanit;

310 2511 364 2578 hic
386 2513 483 2580 etiam
505 2533 614 2580 omnes
635 2512 703 2580 iere
725 2513 864 2579 editores
887 2512 1064 2580 Varronem
1086 2519 1248 2581 auctorem
1269 2516 1385 2582 merito
1409 2513 1581 2592 adducunt,
1626 2515 1664 2581 cf.
1694 2512 1763 2581 (ico
1778 2512 1810 2579 11
1828 2513 1904 2579 136:
1934 2508 1998 2577 Sed
2018 2527 2122 2593 neque

311 2615 492 2697 Medorum,
521 2617 621 2683 silvae
653 2615 826 2696 ditissima,
860 2624 950 2686 terra
976 2617 1044 2686 Neo
1071 2619 1204 2705 pulcher
1232 2619 1359 2706 Ganges
1389 2630 1486 2705 atque
1514 2641 1592 2687 auro
1620 2619 1768 2686 turbidus
1796 2617 1933 2684 Hermus
1959 2613 2122 2682 Laudibus

311 2720 425 2788 Italiae
441 2727 565 2789 certem
578 2770 685 2788 .....
701 2720 763 2789 Sed
778 2722 930 2807 grauidae
944 2723 1052 2810 fruges
1072 2725 1241 2793 etBacchi
1263 2725 1418 2794 Massicus
1440 2746 1532 2792 umor
1554 2722 1744 2809 Implevere;
1769 2725 1878 2789 tenent
1892 2719 1983 2787 oleae
1998 2739 2123 2784 mman-

310 2831 408 2910 taque
429 2823 517 2891 laeta
541 2873 549 2890 .
574 2874 581 2890 .
606 2873 613 2890 .
640 2825 693 2893 hic
725 2847 781 2892 ver
803 2827 966 2896 assiduum
999 2836 1098 2915 atque
1131 2831 1244 2899 alienis
1265 2832 1427 2898 mensibus
1461 2836 1583 2910 aestas;
1616 2828 1672 2895 Bis
1706 2824 1858 2912 gravidae
1889 2822 2040 2911 pecudes,
2073 2822 2123 2889 bis

310 2931 413 3015 pomis
435 2929 524 2996 utilis
545 2928 642 2998 arbos
646 2979 780 2997 .....
806 2931 897 2999 Adde
919 2940 969 3000 tot
991 2935 1136 3020 egregias
1159 2934 1254 3002 urbes
1276 2956 1472 3020 operumque
1493 2932 1646 3013 laborem,
1668 2937 1718 2998 tot
1740 2936 1890 3015 congesta
1911 2949 2008 2995 mann
2029 2947 2124 3013 prae-

310 3033 414 3116 ruptis
436 3031 556 3116 oppida
578 3032 664 3098 saxis
685 3031 896 3120 Fluminaque
918 3039 1068 3122 antiquos
1090 3039 1344 3106 subterlabentia
1366 3059 1474 3104 muros
1502 3044 1562 3103 eto.
1591 3043 1642 3102 eto
1643 3084 1780 3103 .....
1803 3035 1892 3101 Haec
1919 3053 2018 3118 genus
2049 3051 2124 3097 aare

310 3136 424 3217 virum,
448 3133 574 3201 Marsos
595 3133 776 3220 pubemque
800 3137 962 3205 Sabellam
984 3141 1215 3227 adsuetumque
1237 3142 1323 3208 malo
1340 3142 1490 3228 Ligurem
1513 3139 1707 3224 Volscosque
1730 3145 1858 3206 verutos
1879 3135 2020 3218 Extulit,
2043 3135 2123 3202 haee

312 3237 438 3317 Decios,
466 3236 596 3322 Marios,
630 3261 825 3325 magnosque
860 3241 1028 3325 Camillos,
1062 3243 1230 3330 Scipiadas
1264 3245 1361 3313 duros
1397 3244 1480 3311 bello
1513 3251 1547 3312 et
1577 3249 1621 3325 te,
1654 3263 1803 3311 maxume
1830 3239 1960 3308 Caesar’
1984 3284 2121 3304 .....
2136 3261 2139 3266 ·

310 3343 349 3410 ci.
374 3343 478 3411 Varro
500 3366 527 3410 r.
550 3367 577 3411 r.
601 3343 617 3410 1
640 3347 669 3429 2,
695 3346 777 3412 3-7
802 3368 871 3432 sqq.
922 3348 1012 3414 ‘Cum
1040 3349 1301 3430 consedissemus,
1336 3351 1499 3436 Agrasius,
1534 3349 1612 3427 Vos,
1644 3349 1699 3433 qui
1727 3345 1844 3412 multas
1876 3339 2122 3431 perambulastis

310 3453 425 3528 terras,
452 3469 584 3534 ecquam
606 3449 773 3517 cultiorem
801 3450 897 3519 Italia
918 3453 1067 3520 vidistis?
1096 3455 1209 3540 inquit
1253 3455 1322 3540 Ego
1349 3476 1434 3534 vero,
1463 3455 1595 3540 Agrius,
1623 3451 1745 3519 nullam
1773 3449 1912 3518 arbitror
1940 3467 2010 3514 esse
2038 3465 2123 3530 quae

311 3556 378 3617 tam
400 3555 470 3618 tota
492 3553 536 3618 sit
557 3551 663 3618 culta’.
709 3551 863 3621 Conferas
891 3576 962 3623 cnm
984 3563 1094 3625 cetera
1120 3566 1189 3625 tum
1217 3555 1238 3645 ᾗ
1262 3561 1297 3625 6:
1327 3557 1459 3625 ‘Contra
1487 3557 1566 3643 quid
1591 3557 1627 3622 in
1653 3553 1750 3648 Italia
1775 3552 1912 3621 utensile
1937 3571 2001 3618 non
2026 3548 2122 3616 modo

311 3675 375 3722 non
396 3655 547 3736 nascitur,
570 3655 747 3723 sedetiam
769 3679 831 3725 non
854 3663 1016 3747 egregium
1037 3660 1096 3728 fit?
1129 3661 1220 3742 Quod
1243 3662 1293 3730 far
1316 3665 1477 3730 sensuam
1500 3660 1686 3746 Campano?
1719 3658 1811 3738 Quod
1832 3660 1973 3725 triticum
1996 3653 2123 3739 Apulo?

311 3759 397 3847 quod
418 3763 526 3828 vinum
549 3761 708 3828 Falerno?
741 3761 831 3842 Quod
866 3765 970 3833 oleum
993 3765 1157 3835 Venafro?
1189 3786 1253 3833 non
1286 3767 1455 3834 arboribus
1478 3768 1601 3833 consita
1632 3763 1738 3848 ltalia,
1772 3768 1809 3830 nt
1840 3769 1911 3829 tota
1943 3760 2122 3846 pomarium

309 3864 480 3931 rideatur?
507 3868 588 3951 sqq?
612 3865 789 3933 Varronem
811 3875 844 3934 et
867 3868 1042 3955 Vergilium
1069 3871 1110 3940 de
1132 3872 1245 3939 eadem
1265 3893 1302 3938 re
1325 3872 1541 3939 diuersissima
1562 3871 1689 3937 ratione
1711 3867 1923 3953 disputavisse
1944 3884 2037 3931 nemo
2058 3883 2122 3930 non

308 3968 405 4036 ridet
452 3967 588 4036 Falleris
617 3971 645 4036 si
674 3971 760 4055 apud
786 3979 913 4057 poetam
943 3975 1112 4060 quicquam
1141 3975 1182 4042 de
1209 3975 1295 4043 iarre
1318 3975 1490 4062 Campano,
1523 3974 1631 4042 tritico
1655 3973 1768 4058 Apulo,
1802 3973 1874 4037 uino
1901 3969 2047 4048 Falerno,
2082 3966 2121 4032 de

311 4072 381 4140 oleo
397 4072 547 4153 Venafro,
562 4073 650 4160 apud
666 4074 842 4142 Varronem
865 4078 1037 4163 quicquam
1059 4077 1099 4145 de
1121 4077 1253 4145 urbibus
1274 4079 1399 4161 ltaliae,
1423 4079 1463 4147 de
1487 4079 1565 4145 viris
1586 4077 1765 4144 illustribus
1786 4075 1913 4160 patriae
1935 4072 2119 4159 quaesieris

308 4176 379 4244 liae
415 4198 481 4244 nna
518 4197 555 4245 re
591 4187 785 4264 congruunt,
825 4179 956 4251 ltaliam
993 4206 1062 4252 esse
1100 4181 1330 4252 fertilissimam
1371 4191 1404 4251 et
1441 4185 1650 4251 cultissimam
1687 4188 1823 4262 terram,
1858 4180 1944 4265 quod
1983 4179 2046 4245 sita
2086 4175 2121 4242 in

310 4281 547 4367 ‘temperatiore
569 4286 671 4368 parte'
694 4291 814 4353 natura
833 4286 914 4354 caeli
937 4289 1049 4374 optimi
1072 4294 1106 4355 et
1127 4288 1329 4356 saluberrimi
1350 4289 1500 4373 praedita
1521 4289 1572 4354 sit
1619 4285 1686 4354 Nec
1707 4285 1788 4352 nihil
1808 4284 1951 4370 proiecto
1973 4281 2122 4348 viderunt

308 4386 366 4470 qui
387 4384 564 4452 Varronem
585 4393 701 4473 poetae
722 4410 834 4456 ansam
856 4390 1042 4475 praebuisse
1063 4398 1187 4476 putant,
1210 4398 1247 4458 ut
1268 4393 1403 4458 carmini
1417 4399 1582 4459 venustam
1601 4390 1690 4457 illam
1706 4388 1934 4474 digressionem
1954 4387 2120 4454 insereret.

459 4489 566 4575 Atque
587 4490 641 4558 bio
662 4491 787 4578 longius
809 4517 906 4580 quam
933 4495 1032 4563 ceteri
1053 4494 1250 4581 progrediar.
1306 4493 1391 4561 Nam
1418 4495 1503 4561 idem
1526 4493 1630 4562 Varro
1657 4515 1728 4561 cum
1755 4499 1866 4559 nostro
1893 4491 1963 4558 loco
1990 4489 2122 4557 Eratos-

307 4591 437 4660 thenem
446 4592 472 4677 ¹)
503 4599 618 4662 tastem
650 4595 797 4679 adducit,
829 4604 959 4685 poetam
985 4601 1098 4682 morit,
1132 4605 1169 4664 nt
1202 4619 1300 4683 supra
1327 4597 1519 4666 G001233
1545 4620 1615 4684 sqq.
1646 4597 1803 4665 Graecum
1831 4596 1936 4682 ipsum
1967 4595 2002 4662 in
2034 4594 2121 4662 zonis

308 4696 525 4766 describendis
552 4701 738 4767 consuleret
792 4701 941 4771 Ceterum
967 4703 1002 4770 hi
1030 4711 1097 4771 tres
1118 4703 1295 4784 Eudoxum,
1323 4706 1461 4789 primum
1489 4705 1604 4772 harum
1626 4723 1733 4770 rerum
1755 4699 1928 4780 doctorem,
1951 4703 2121 4784 sequentes

306 4800 406 4889 probe
439 4803 545 4870 sciunt
581 4804 742 4890 regionem
774 4803 864 4873 illam
889 4813 998 4874 terrae
1024 4807 1240 4892 caliginosam,
1274 4806 1393 4893 frigore
1420 4816 1454 4875 et
1479 4808 1581 4893 glaeie
1613 4807 1795 4888 horridam;
1829 4804 1868 4871 ci.
1898 4800 2121 4869 Eratosthenis

464 4957 484 5022 Ι)
499 4955 532 5012 oi
549 4955 662 5012 Varrol
681 4959 705 5029 t,
721 4959 750 5016 3:
768 4958 892 5029 ‘primum
909 4975 969 5016 cum
986 4961 1058 5017 orbis
1075 4967 1164 5016 terrae
1182 4959 1282 5016 diviona
1299 4961 1379 5016 sitin
1396 4960 1463 5016 duas
1480 4966 1572 5031 partes
1589 4960 1623 5015 ab
1641 4959 1819 5014 Emtostheno
1836 4971 1959 5012 muume
1977 4953 2121 5012 secundnm

306 5045 439 5112 nammm,
464 5041 500 5098 ad
517 5042 653 5098 meridiem
670 5059 764 5100 versus
782 5050 810 5099 et
827 5044 862 5100 ad
879 5045 1081 5116 septemtriones
1105 5085 1112 5100 .
1138 5085 1145 5099 .
1171 5085 1178 5100 .
1208 5086 1213 5098 .
1240 5060 1327 5116 neque
1344 5047 1448 5116 mbnm,
1465 5047 1538 5116 qnod
1555 5054 1617 5103 sunt
1633 5044 1757 5115 repones
1778 5045 1847 5099 inter
1864 5043 1992 5099 οἰιοιιΙιιιι
2009 5049 2123 5113 septem·

307 5125 448 5186 trionalsm
466 5133 493 5184 et
510 5132 581 5188 ister
598 5129 733 5184 auduom
750 5129 827 5201 caeli,
845 5129 891 5188 uhi
909 5131 1047 5189 solatiam
1064 5147 1113 5188 sex
1130 5130 1265 5189 mensibus
1283 5131 1414 5190 oondnais
1432 5147 1486 5188 non
1503 5131 1615 5190 ridetur.
1633 5133 1723 5202 itaque
1740 5129 1768 5186 in
1785 5145 1886 5188 coeam
1904 5169 1911 5184 .
1930 5169 1937 5182 .
1955 5169 1962 5184 .
1981 5134 2008 5184 .‘.
