4860 6048
1199 473 1243 538 70

1136 563 1318 570 „affl-*-

318 707 566 776 Dicaearchum:
595 707 742 792 ‘gradum
768 708 950 777 naturalem
978 709 1010 797 (5
1031 711 1077 796 3),
1112 713 1211 779 ritem
1238 710 1447 798 pastoricium
1470 708 1503 792 (t
1523 711 1568 792 4),
1603 708 1831 794 agriculturam
1858 709 1891 796 (ς
1913 713 1959 794 5),
1996 733 2132 798 quornm

317 813 457 880 omnium
490 806 567 877 osce
592 817 653 894 νριῖ
684 811 727 878 ad
758 817 888 897 poetam
920 812 1082 882 manabat.
1136 815 1272 883 'lantum
1307 811 1414 894 rerba,
1447 811 1565 898 quibus
1597 811 1717 896 gradus
1748 812 1906 880 naturalia
1933 815 2132 884 declaratur:

317 925 400 982 ‘cum
421 915 565 982 virerent
585 935 626 981 er
648 915 694 982 eis
715 915 822 996 rebus,
851 937 935 1001 quae
967 917 1121 986 inviolata
1151 918 1252 986 ferret
1278 921 1387 996 terre,
1422 913 1663 984 similitudinem
1691 915 1852 1001 quandam
1879 919 2036 1003 praebent
2061 941 2134 986 oum

317 1040 345 1083 v.
372 1022 449 1087 128:
473 1016 579 1085 ‘tellus
601 1021 709 1088 omnis
729 1019 862 1087 liberius
883 1020 971 1088 nullo
993 1029 1143 1107 poscente
1165 1021 1310 1090 terebat.²
1340 1017 1556 1089 Verumtales
1570 1021 1748 1088 sententiae
1763 1021 1827 1086 iam
1843 1020 1886 1088 ab
1900 1023 2132 1109 antiquissimis

317 1121 515 1207 temporibus
537 1144 577 1189 ex
593 1123 733 1191 Hesiodo
755 1127 842 1209 (opp.
865 1146 893 1190 r.
920 1123 1011 1208 ll'l):
1036 1127 1168 1209 ‘supuda
1190 1123 1220 1189 δ’
1243 1123 1336 1211 ἔρερο
1358 1123 1503 1208 ζείδωρος
1524 1123 1647 1206 ἄρουρα
1670 1121 1843 1208 οὐοομοιρ’
1865 1128 1970 1210 postis
1991 1127 2131 1195 traditae

318 1231 420 1306 erant,
442 1231 481 1292 ct
501 1246 611 1293 onmes
632 1249 703 1295 oum
726 1227 871 1297 omnibus
886 1249 1067 1295 communes
1089 1227 1255 1296 baberent.
1280 1227 1371 1307 Quod
1386 1229 1414 1293 ai
1429 1231 1554 1292 attento
1576 1231 1610 1292 et
1630 1226 1756 1310 integro
1783 1229 1890 1295 animo
1917 1227 1999 1297 baec
2025 1231 2134 1297 intuiti

318 1331 445 1410 erimus,
468 1335 505 1396 ut
526 1327 702 1414 Vergilium
727 1334 923 1400 imitatorem
951 1330 1107 1399 Varronis
1135 1332 1320 1418 apellamus,
1354 1330 1441 1398 nullo
1473 1329 1568 1398 mcdc
1601 1329 1672 1399 fieri
1699 1330 1828 1415 poterit,
1862 1331 1920 1400 sed
1947 1332 2008 1400 boo
2033 1355 2131 1401 unum

317 1440 510 1514 statuemus,
543 1433 627 1501 idem
649 1435 735 1521 quod
762 1439 826 1504 iam
855 1457 969 1523 supra,
998 1439 1124 1504 nonnisi
1151 1437 1326 1523 impulsore
1352 1434 1497 1502 Varrone
1525 1454 1644 1502 aureae
1671 1435 1790 1502 astaus
1822 1435 1962 1524 imagine
1989 1459 2010 1504 a
2037 1444 2134 1522 poeta

318 1559 447 1605 carmen
466 1543 657 1606 exornatum
679 1561 758 1608 esse.

467 1638 683 1710 Nihilominus
696 1645 808 1731 paucis
823 1643 979 1712 Varronis
992 1643 1071 1712 locis
1086 1665 1158 1712 cum
1173 1642 1316 1728 Vergilio
1337 1663 1421 1709 nunc
1442 1641 1638 1726 comparatis
1661 1641 1704 1708 sd
1724 1645 1927 1721 sententiam,
1949 1650 1986 1711 ut
2008 1644 2131 1730 opinor,

318 1745 522 1827 adducamur,
545 1753 662 1832 poetae
676 1747 856 1833 Georgicon
877 1747 978 1816 libros
999 1747 1151 1815 scribenti
1172 1746 1329 1814 Varronis
1350 1766 1432 1831 cpus
1454 1751 1542 1812 certe
1563 1752 1695 1830 praesto
1716 1747 1824 1815 fnisse.
1863 1747 2017 1816 Oonlercs
2038 1747 2134 1817 selim

319 1847 386 1916 (leo
408 1847 457 1915 111
479 1850 558 1918 835:
593 1853 670 1918 ‘tum
699 1855 804 1920 munis
832 1852 911 1921 dare
937 1873 1047 1918 rursus
1074 1871 1177 1936 equas
1205 1856 1239 1918 et
1264 1869 1433 1936 pascere
1460 1869 1597 1918 rursus
1623 1849 1721 1916 solis
1747 1850 1796 1919 od
1824 1855 2033 1928 occasum’.
2060 1873 2134 1920 cum

318 1951 463 2020 Varrone
491 1952 575 2036 112,
606 1957 661 2022 1οτ
697 1959 782 2024 ‘aere
808 1957 988 2043 vespertino
1011 1977 1146 2026 rursus
1168 1959 1335 2042 pascunt
1367 1951 1415 2020 sd
1449 1952 1546 2020 solis
1574 1956 1776 2038 ccreaum‘,
1805 1953 1862 2022 ubi
1888 1954 1929 2022 de
1957 1955 2070 2024 eadem
2097 1977 2134 2023 re

318 2057 435 2140 egitur.
481 2055 589 2124 Verba
615 2057 714 2126 talem
741 2060 897 2146 praebent
928 2081 1127 2145 consensum,
1159 2065 1198 2128 ut
1218 2059 1259 2126 de
1281 2055 1415 2144 Vergilii
1437 2055 1616 2125 imitatione
1640 2061 1694 2125 six
1715 2057 1859 2127 dubitari
1886 2059 1998 2144 possit.
2043 2057 2133 2127 ldem

318 2159 427 2227 valent
459 2159 527 2228 Geo
548 2159 598 2228 111
623 2165 685 2230 170
717 2163 792 2232 ‘illis
824 2165 888 2232 iam
922 2184 1020 2250 saepe
1052 2172 1167 2234 rotas
1199 2162 1396 2230 ducantur
1416 2161 1565 2228 inanes’
1599 2190 1634 2218 =
1655 2160 1761 2230 Varro
1782 2161 1798 2228 1
1820 2163 1873 2243 20,
1904 2165 1939 2229 2ο
1968 2165 2060 2249 ‘quoa
2091 2163 2134 2231 ad

317 2269 472 2348 vectum,
494 2264 572 2331 item
593 2266 825 2336 instituendum
847 2276 885 2336 ut
904 2269 1044 2336 inania
1064 2271 1203 2356 primum
1225 2267 1370 2334 ducant
1399 2265 1565 2352 plaustra.²
1597 2303 1632 2312 -·
1663 2263 1731 2332 (lec
1753 2265 1903 2333 1114402
1939 2265 2133 2336 ‘morborum

318 2387 443 2453 quoque
476 2374 509 2436 ta
542 2390 685 2438 causas
718 2377 752 2439 et
777 2374 893 2460 signs
919 2372 1050 2444 docebc’
1078 2401 1113 2430 =
1140 2372 1244 2438 Varro
1271 2369 1301 2436 ll
1334 2375 1362 2453 1,
1392 2373 1449 2438 tl:
1486 2369 1580 2436 ‘enim
1610 2367 1841 2436 advertendum
1869 2391 1953 2456 quae
1980 2371 2133 2456 ορὶρορρο

317 2469 422 2538 morbi
442 2471 488 2538 sit
509 2493 643 2555 causa,
666 2496 813 2562 quaeque
835 2477 951 2562 signs
972 2499 1084 2546 earum
1105 2495 1276 2544 munuum
1298 2473 1382 2541 sint’
1410 2511 1446 2522 -
1472 2472 1540 2541 Gec
1556 2471 1589 2538 ll
1610 2474 1692 2542 378:
1722 2476 1792 2540 ’nec
1813 2479 1938 2541 tantum
1962 2523 2132 2544 ......

318 2581 472 2660 quantum
495 2573 543 2644 illi
564 2598 700 2646 nocuere
721 2601 836 2666 greges
858 2581 996 2668 dumque
1022 2601 1211 2649 venenum
1233 2577 1346 2645 Dentis
1368 2628 1376 2645 .
1399 2627 1408 2644 .
1432 2583 1451 2645 .’
1476 2606 1511 2633 =
1533 2575 1639 2643 Varro
1667 2575 1684 2642 1
1706 2579 1736 2658 2,
1762 2579 1817 2647 18:
1847 2577 2017 2663 ‘quaedam
2045 2581 2130 2646 euim

317 2679 456 2764 pecudes
483 2679 628 2748 culturae
650 2689 726 2750 sunt
753 2685 901 2754 inimicae
922 2707 962 2752 so
982 2705 1146 2767 veneno,
1179 2688 1217 2749 nt
1238 2681 1321 2748 istae
1344 2729 1480 2749 .....
1503 2684 1645 2766 caprae?
1690 2679 1837 2748 Fortuito
1859 2681 2014 2750 accidisse
2028 2689 2133 2769 putas,

318 2788 354 2848 ut
375 2781 481 2850 Varro
501 2788 536 2851 et
550 2783 711 2870 Vergilius
731 2789 766 2854 in
787 2789 902 2856 iisdem
923 2788 1019 2858 rebus
1041 2789 1089 2871 (in
1111 2784 1231 2856 morbis
1253 2805 1403 2871 pecorum
1419 2782 1639 2852 describendis
1654 2789 1688 2850 et
1708 2786 1742 2851 in
1763 2783 1900 2866 damnis,
1922 2807 2007 2871 quae
2021 2785 2133 2855 dentes

318 2885 512 2972 capillarum
539 2889 701 2972 segetibus
728 2891 821 2978 dant)
851 2893 963 2961 eedem
991 2892 1146 2960 divisione
1177 2888 1354 2974 cademque
1380 2886 1592 2954 similitudine
1622 2887 1813 2955 uterentur?
1841 2927 1879 2937 -
1910 2889 1982 2957 lluo
2008 2897 2135 2978 spectat

319 2990 405 3075 qncd
427 2997 571 3078 uterque,
594 3014 666 3061 oum
688 2993 729 3064 de
750 2995 853 3064 ariete
874 2997 986 3082 nigrae
1007 2997 1136 3082 linguae
1157 2991 1348 3062 removendo
1371 2989 1459 3071 dicit,
1482 2989 1569 3057 idom
1590 2990 1778 3062 vocabulum
1810 2991 1954 3074 adhibet,
1990 2992 2059 3061 Gec
2080 2993 2130 3062 111

319 3095 396 3161 389;
425 3093 525 3162 ‘illum
547 3102 655 3165 autem
677 3146 815 3167 .....
837 3099 930 3186 nigra
951 3101 1062 3169 subest
1083 3150 1091 3169 .
1116 3151 1124 3166 .
1147 3149 1155 3166 .
1179 3147 1187 3164 .
1210 3096 1387 3182 ouilingus
1410 3143 1417 3160 .
1442 3144 1450 3160 .
1475 3145 1482 3162 .
1507 3143 1515 3160 .
1538 3093 1824 3163 reice’=Varro
1845 3093 1878 3163 ll
1900 3098 1931 3176 2,
1953 3098 1989 3164 t:
2013 3097 2134 3184 ‘itaque
2188 3115 2190 3118 ·

319 3248 327 3264 .
352 3246 360 3262 .
384 3247 392 3264 .
415 3199 553 3267 maiores
574 3201 677 3268 nostri
699 3251 708 3270 .
732 3251 740 3268 .
764 3251 772 3269 .
797 3252 805 3283 ,
828 3203 1073 3272 reiciebant‘
1119 3203 1264 3288 Denique
1285 3199 1371 3287 quod
1387 3197 1571 3284 ambiguum
1586 3195 1713 3264 videtur
1726 3196 1797 3268 Geo
1818 3197 1852 3266 11
1874 3202 1955 3267 261:
1979 3199 2133 3287 ‘aquiloni

319 3299 529 3370 ostendere
556 3303 697 3390 gleobas’
718 3333 754 3362 =
775 3304 881 3374 Varro
903 3305 919 3372 1
940 3311 998 3376 25:
1023 3307 1089 3394 ‘qui
1110 3307 1198 3375 locus
1220 3306 1359 3391 optimus
1380 3302 1454 3370 vinc
1476 3302 1519 3369 sit
1540 3307 1574 3370 at
1595 3304 1805 3384 ostentum)
1827 3301 1908 3382 soli,
1928 3301 1985 3370 ubi
1999 3303 2133 3374 eandem

317 3402 526 3474 elocutionem
557 3414 670 3476 notatu
698 3408 829 3496 dignam
860 3410 1003 3498 legimus.
1035 3448 1071 3460 -
1102 3409 1350 3478 Cousensionum
1377 3405 1420 3475 sd
1446 3406 1579 3474 verbum
1605 3405 1765 3473 laetarum
1793 3427 1959 3474 numerum
1987 3429 2038 3475 ma
2066 3429 2130 3476 non

320 3507 497 3593 euplerisee
518 3509 606 3578 band
627 3511 749 3598 ignoro,
772 3515 850 3600 quia
871 3516 948 3601 quin
971 3513 1028 3582 alii
1048 3513 1132 3582 elias
1154 3512 1336 3600 indagaturi
1359 3513 1433 3593 sint,
1455 3509 1534 3577 mibi
1555 3531 1760 3595 nequequam
1781 3507 1914 3576 dubium
1936 3517 1994 3578 est

470 3615 538 3700 Age
570 3635 654 3684 nunc
687 3638 743 3684 eos
774 3617 863 3687 lcoos
885 3619 1040 3687 Varronis
1072 3624 1106 3686 et
1126 3617 1261 3703 Vergilii
1292 3614 1529 3685 consideremus
1562 3613 1679 3700 quibus
1710 3619 1846 3699 uterque
1873 3613 2021 3699 agricolis
2047 3611 2134 3684 idem

318 3715 490 3801 praeciplt;
519 3723 619 3804 atque
644 3718 755 3788 eoruni
782 3743 844 3790 non
873 3725 968 3810 pauci
992 3724 1103 3790 insunt
1129 3723 1163 3788 in
1192 3720 1327 3806 Vergilii
1354 3717 1438 3787 libro
1466 3718 1580 3797 tertio,
1607 3737 1673 3802 quc
1701 3717 1741 3785 de
1769 3737 1806 3784 re
1831 3716 1984 3802 pecuaria
2011 3719 2133 3804 egitur;

319 3819 462 3886 ordinem
483 3841 631 3890 veranum
658 3825 870 3896 retinentibus
892 3827 1079 3914 plerumque
1105 3823 1185 3893 nihil
1212 3821 1300 3892 aliud
1326 3823 1389 3890 nisi
1409 3821 1471 3890 boc
1492 3827 1636 3889 nostrum
1664 3821 1728 3889 erit
1755 3840 1853 3905 quam
1880 3827 1997 3907 poetae
2023 3843 2133 3891 seram

318 3923 410 3990 iuxta
430 3945 547 4011 prosae
568 3927 723 3996 orationis
745 3931 934 4017 scriptorem
955 3951 1074 4017 ponere
1095 3938 1129 3997 et
1149 3925 1409 4014 inscriptionibus
1430 3925 1583 4005 indicare,
1605 3922 1723 4012 quibua
1745 3923 1786 3992 de
1808 3923 1905 3993 rebus
1926 3930 2064 4011 uterque
2085 3925 2133 3992 di·

318 4033 434 4112 sputet
469 4027 680 4099 Utilissimum
703 4035 766 4101 erit
786 4041 894 4102 summ
915 4033 1029 4104 leviter
1051 4040 1198 4120 tangere,
1220 4053 1285 4118 quc
1304 4031 1476 4099 maurium
1497 4036 1634 4115 uterque
1655 4027 1834 4114 digesserit,
1849 4029 2040 4114 praesertim
2061 4049 2134 4095 cum

317 4129 384 4196 iam
406 4151 428 4198 a
449 4129 595 4200 Varrone
616 4134 686 4220 ipsc
711 4135 787 4206 libri
813 4138 846 4205 ll
868 4137 1036 4225 dispositio
1056 4135 1090 4204 11
1113 4139 1184 4220 1,12
1207 4136 1381 4223 explanata
1401 4135 1453 4202 ait
1501 4133 1676 4220 Postquam
1698 4132 1783 4199 enim
1804 4131 1897 4198 initio
1918 4129 1959 4200 ds
1978 4130 2134 4219 pastorali

319 4234 451 4318 0118ῑῦ0,
475 4234 643 4322 dignitate,
666 4241 801 4309 edentia
815 4241 936 4310 dictum
951 4248 1010 4322 est,
1026 4239 1214 4326 Reatinuet
1231 4241 1270 4307 12
1292 4259 1362 4324 sqq.
1385 4235 1531 4324 pluribus
1552 4236 1698 4304 verubus
1720 4235 1962 4322 dispositionem
1984 4233 2134 4321 explicet,

318 4357 416 4421 quem
430 4359 471 4406 ue
485 4343 588 4408 totum
602 4340 708 4412 locum
722 4342 911 4427 adiciamus,
925 4346 1066 4416 numeris
1081 4341 1343 4431 significabimus:
1363 4341 1470 4428 prima
1483 4361 1561 4427 pars
1576 4338 1597 4428 ξ
1613 4342 1699 4407 2-4
1713 4338 1755 4407 de
1768 4337 1945 4410 minoribus
1959 4337 2134 4424 pecudibus

320 4439 374 4522 (de
388 4440 501 4510 oribus
522 4445 586 4532 92,
608 4444 650 4515 de
670 4448 778 4534 capris
800 4446 822 4536 ᾖ
844 4451 875 4530 3,
898 4449 938 4517 de
960 4448 1070 4517 suibus
1092 4447 1176 4537 54),
1198 4447 1305 4518 alters
1325 4447 1442 4534 §5-7
1465 4442 1507 4512 ds
1527 4465 1643 4530 pecore
1664 4445 1787 4514 maiore
1809 4443 1864 4528 (de
1884 4441 1986 4510 bobus
2007 4443 2071 4530 55,
2094 4443 2135 4516 de

318 4542 418 4616 asinis
439 4541 508 4634 56,
530 4548 571 4617 de
594 4551 685 4638 equis
707 4547 788 4640 §l)⁸
811 4553 910 4623 tertis
933 4552 973 4621 de
991 4553 1052 4634 eis,
1074 4573 1159 4638 quse
1172 4572 1236 4622 non
1250 4556 1417 4638 unctor,
1438 4555 1476 4618 ut
1497 4569 1538 4618 ex
1553 4548 1600 4618 eis
1614 4548 1763 4634 capietur
1776 4546 1909 4628 stactus,
1930 4543 1989 4614 ssd
2002 4551 2135 4633 propter

318 4667 390 4715 eam
411 4655 471 4718 ant
492 4672 532 4720 ex
554 4673 594 4721 es
615 4660 690 4722 sunt
712 4656 767 4739 (de
787 4655 883 4724 mulis
903 4658 922 4744 fi
944 4660 975 4738 8,
997 4657 1039 4727 de
1060 4655 1192 4724 canibus
1219 4653 1241 4743 ξ
1264 4658 1295 4738 9,
1317 4653 1358 4723 de
1379 4651 1562 4741 pastoribus
1584 4649 1606 4739 ξ
1631 4651 1694 4736 10).
1739 4649 1873 4718 ‘Harum
1900 4671 1966 4718 una
1987 4669 2134 4736 quaeque

318 4770 395 4838 pers
421 4753 456 4819 in
483 4777 517 4822 se
538 4757 697 4842 generalis
718 4761 822 4846 partis
848 4761 948 4830 habet
967 4761 1132 4828 minimum
1158 4765 1337 4844 novenes2).
1392 4756 1444 4825 Its
1476 4755 1635 4823 exsistunt
1667 4761 1777 4841 partes
1812 4755 1973 4840 octogints
1999 4759 2034 4820 st
2060 4774 2135 4834 una,

477 4928 496 4993 ¹)
513 4926 547 4982 ci
564 4926 676 4986 Hesiodi
692 4947 717 4988 r.
734 4931 787 4987 tlt
803 4937 976 5004 praeceptum
993 4931 1166 4988 rodomum.

469 5011 495 5079 ¹)
514 5018 638 5085 ‘querum
662 5013 690 5070 ln
711 5031 809 5087 pecore
830 5017 951 5089 parendo
973 5021 1142 5074 ροοοορορίιο
1163 5021 1291 5088 quattuor
1311 5014 1356 5084 (de
1372 5012 1525 5081 cognitione
1547 5014 1655 5080 ucetia,
1676 5009 1786 5079 termae
1807 5007 1911 5064 smiuil
1928 5009 2136 5081 uniuscuiusque

319 5093 440 5166 pecuda,
456 5099 523 5158 loris
534 5098 561 5154 la
572 5099 712 5170 ροηρᾱο)
729 5101 832 5159 alteru
842 5102 955 5160 totidem
962 5103 992 5160 ln
1002 5102 1138 5176 mendo
1157 5101 1201 5166 tda
1211 5103 1343 5172 mone,
1360 5099 1395 5156 de
1405 5097 1501 5167 mena
1518 5096 1553 5153 de
1564 5097 1709 5163 noricam,
1726 5093 1760 5150 do
1771 5097 1899 5165 ιορὶοοω)
1917 5093 2014 5166 quibus
2026 5095 2136 5153 additur

320 5183 1056 5258 memesmliswtnsquepuosccumu:
1078 5188 1247 5245 desumere.
1268 5179 1936 5252 stvmcr.r.111‚1rls,1ass‚rs‚se
