4860 6048
1209 441 1250 522 a
2076 513 2090 548 ,

322 691 493 758 se'ouodum
522 695 746 776 antiquitatem
770 693 861 768 dixit,
890 695 973 758 sient
994 695 1091 760 etiarn
1114 695 1156 760 ad
1176 695 1315 761 flumina.
1340 693 1415 758 olim
1438 695 1521 758 enim
1545 695 1578 758 in
1601 694 1694 759 litore
1716 693 1854 758 lluiniuis
1878 699 2034 763 cirrroses
2057 721 2131 782 age-

322 794 449 876 bantur,
484 799 515 861 iu
550 799 652 864 altero
684 797 786 863 latere
819 798 931 881 positis
965 797 1091 880 gladiis,
1125 805 1162 863 ut
1196 801 1237 865 ob
1270 807 1407 881 utraque
1441 803 1533 881 parte
1567 803 1651 862 essct
1684 798 1829 880 ignaviae
1861 821 2013 882 praesens
2047 807 2130 886 peri-

321 897 456 966 culum.
481 949 488 966 .
513 951 521 966 .
546 905 672 985 ’,quae
699 900 747 966 vel
776 901 872 966 tertio
899 900 950 968 vel
977 907 1093 984 quarto
1121 903 1203 969 libro
1226 901 1490 984 attribuuntur.¹)
1543 899 1623 964 Utut
1644 907 1709 980 est,
1738 907 1905 986 utramque
1936 925 2002 970 rem
2027 905 2129 972 Varro

322 1005 471 1069 tractavit
494 1011 592 1088 atque
614 1025 675 1070 non
699 1003 799 1070 solum
824 1025 988 1071 numerum
1011 1011 1136 1072 centum
1160 1027 1313 1090 equorum
1343 1013 1375 1071 et
1401 1025 1522 1070 morem
1551 1002 1593 1068 ad
1616 1002 1778 1069 fluminum
1808 1007 1894 1090 ripas
1921 1011 2128 1076 certaminum

320 1107 621 1190 constituendorum,
646 1108 701 1175 sed
724 1109 821 1174 etium
844 1107 1083 1174 Erichthonium
1108 1113 1244 1194 primum
1266 1107 1545 1194 quarlrigarium‚²)
1568 1113 1681 1191 postea
1703 1129 1723 1172 a
1746 1107 1848 1172 Plinio
1858 1117 1881 1187 ³)
1913 1131 2038 1194 quoque
2061 1113 2129 1179 lau·

320 1207 440 1294 datum,
464 1217 560 1296 poeta
582 1233 621 1277 ex
646 1212 789 1278 Varrone
812 1218 975 1278 mutuatus
999 1221 1048 1278 est
1072 1215 1123 1297 (cf.
1148 1213 1234 1281 Suet.
1259 1215 1308 1280 ed.
1333 1211 1560 1280 Reifferscheid
1583 1234 1633 1296 pg.
1659 1213 1746 1294 338).
1774 1251 1812 1260 -—
1839 1215 1942 1280 titiam
1972 1215 2055 1283 aliae
2078 1240 2128 1284 res

319 1317 450 1381 maioris
476 1317 627 1382 momenti
655 1317 774 1402 quippe
802 1339 896 1383 rarae
925 1327 957 1382 et
984 1317 1160 1402 peculiares
1190 1319 1408 1384 Varronianae
1437 1317 1568 1400 originis
1602 1315 1764 1400 putandae
1795 1325 1878 1384 sunt.
1931 1321 2028 1384 Primi
2055 1323 2128 1388 libri

318 1439 415 1484 versa
445 1421 488 1485 30
509 1441 579 1504 sqq.
618 1419 776 1504 Vergilius
800 1420 968 1488 Caesarem
997 1421 1154 1488 fautorem
1184 1429 1217 1487 et
1243 1421 1442 1487 laudatorem
1471 1421 1627 1503 poematis
1656 1420 1829 1504 implorans
1852 1423 2043 1507 cogitatione
2067 1427 2128 1492 sibi

319 1521 471 1607 depingit,
494 1530 531 1590 ut
552 1524 641 1590 illum
664 1527 727 1591 iam
751 1527 834 1591 inter
856 1526 963 1591 sidera
985 1526 1121 1592 relatum
1143 1527 1317 1610 scorpionis
1338 1531 1459 1591 astrum
1475 1545 1547 1588 cnm
1562 1525 1682 1606 pietate
1698 1525 1783 1590 colat
1798 1525 1906 1592 chelas
1922 1527 2127 1596 contrahens:

320 1628 394 1710 ‘qua
426 1627 514 1694 locus
548 1627 708 1713 Erigonen
741 1631 824 1694 inter
857 1629 1028 1713 chelasque
1051 1629 1221 1714 sequentis.
1268 1628 1423 1694 Panditur
1446 1663 1488 1674 -
1510 1628 1578 1711 ipse
1611 1627 1670 1692 tibi
1703 1630 1767 1693 iarn
1795 1628 1945 1696 bracchia
1968 1634 2129 1699 contrahit

318 1729 434 1798 ardens
470 1731 618 1816 Scorpios
651 1738 683 1798 et
710 1733 791 1798 caeli
816 1734 902 1798 iusta
930 1732 1002 1817 plus
1036 1739 1129 1817 parte
1167 1733 1343 1816 relinquit’3
1384 1731 1426 1798 ad
1454 1752 1551 1815 quam
1584 1731 1754 1815 imaginem
1778 1734 1985 1817 ‘singularem
2023 1736 2128 1803 decla-

320 1833 453 1900 randam
476 1833 603 1902 Servius
625 1836 790 1903 adnotavit
812 1838 896 1903 inter
917 1837 996 1902 alia:
1026 1836 1140 1902 ‘Varro
1163 1845 1270 1904 tamen
1293 1838 1340 1902 ait
1362 1855 1396 1900 se
1417 1835 1531 1920 legisse
1547 1833 1769 1917 Empedotimo
1785 1837 1912 1903 cuidam
1928 1837 2127 1922 Syracusano

319 1938 499 2022 aquodam
523 1945 682 2024 potestate
704 1940 812 2006 divina
833 1941 999 2006 mortalem
1023 1947 1185 2025 aspectum
1208 1940 1368 2006 detersum
1396 1958 1531 2022 eumque
1553 1939 1638 2003 inter
1660 1943 1768 2004 cetera
1789 1948 1855 2005 tres
1878 1948 1988 2024 portas
2011 1943 2127 2011 vidisse

318 2047 446 2127 tresque
469 2045 550 2110 vias:
585 2065 681 2110 uuam
715 2045 756 2111 ad
779 2047 902 2128 signum
930 2045 1114 2128 scorpionis,
1149 2065 1213 2128 qua
1236 2043 1389 2109 Hercules
1423 2043 1464 2108 ad
1498 2040 1573 2107 deos
1607 2044 1668 2106 isse
1701 2041 1875 2123 diceretnr;
1904 2045 2039 2112 alteram
2068 2069 2126 2132 prr

316 2146 458 2227 limitem,
487 2149 542 2232 qui
564 2157 614 2215 est
635 2150 719 2214 inter
740 2148 863 2214 leonem
889 2158 921 2215 et
943 2169 1108 2228 cancrum3
1136 2149 1263 2214 tertiam
1292 2167 1360 2214 esse
1383 2148 1467 2214 iuter
1489 2147 1657 2229 aquarium
1681 2154 1714 2211 et
1734 2145 1846 2229 pisces.
1875 2155 1988 2232 argute
2016 2155 2125 2236 itaque

317 2271 387 2316 eam
410 2253 492 2316 viam
516 2259 549 2317 et
571 2253 678 2320 sedem
700 2251 814 2318 tribuit
836 2253 989 2336 Augusto,
1018 2251 1093 2318 torti
1122 2252 1318 2336 imperatori,
1348 2271 1444 2334 quam
1472 2249 1586 2316 habuit
1607 2249 1685 2316 deus
1709 2249 1856 2331 sortist⁴t
1901 2251 1989 2320 llaec
2017 2255 2123 2335 rerba,

316 2375 408 2438 quae,
438 2377 477 2422 ex
501 2355 654 2423 Varronis
677 2363 787 2422 satura
819 2355 964 2448 Τριοδιτῃ
988 2354 1133 2440 rotrudis
1162 2357 1245 2439 (περὶ
1268 2353 1378 2440 ἀρετῆς
1400 2354 1543 2437 κτήσεως)
1573 2361 1710 2437 sumpta,
1739 2355 1772 2418 in
1798 2353 1904 2420 verbis
1927 2356 2123 2441 ‘adspectum

315 2459 481 2527 mortalem
504 2461 674 2529 densum*
699 2459 880 2544 corruptela
908 2458 1047 2542 quadam
1081 2459 1167 2525 haud
1201 2461 1266 2525 scio
1302 2479 1342 2524 an
1371 2457 1486 2524 affecta
1519 2458 1592 2537 sint,
1627 2457 1747 2540 alioqui
1781 2457 2016 2542 intellegentiae
2050 2472 2124 2530 sunt

314 2562 416 2646 obvia,
439 2570 536 2648 atque
559 2566 592 2630 in
615 2565 675 2630 hac
698 2585 742 2642 re,
766 2562 1024 2648 quandoquidem
1052 2585 1091 2628 ex
1114 2563 1264 2628 Romanis
1293 2567 1422 2645 praeter
1445 2561 1614 2626 Reatinum
1637 2581 1729 2628 nemo
1752 2560 1791 2627 de
1814 2557 1951 2628 Hercule
1973 2563 2015 2630 ad
2038 2585 2123 2632 scor·

313 2667 417 2749 pionis
439 2670 562 2752 signum
584 2669 668 2734 viam
691 2667 896 2753 aggrediente
918 2667 1088 2750 quicquam
1111 2666 1255 2744 tradidit,
1279 2672 1374 2749 poeta
1397 2685 1435 2729 ex
1458 2663 1514 2728 illo
1529 2664 1655 2748 pendet.
1691 2663 1781 2742 Quod
1804 2667 1831 2729 si
1846 2688 1968 2732 mecum
1991 2673 2122 2750 statues,

312 2791 460 2836 versuum
482 2793 591 2838 reram
614 2779 712 2855 atque
734 2773 891 2856 integram
914 2773 1104 2836 sententiam
1126 2769 1368 2854 redintegrabis.
1408 2765 1492 2844 Quid
1519 2769 1602 2834 enim
1628 2768 1688 2834 hoc
1715 2767 1786 2834 loco
1809 2767 1990 2853 Scorpionis
2012 2773 2122 2840 chelae

312 2874 508 2978 sibioveliut,
543 2877 684 2960 Heynius
711 2874 841 2942 Vossius
869 2875 968 2942 ceteri
996 2873 1092 2940 adh.
1116 2895 1143 2938 ιι.
1176 2872 1432 2957 improbabiliter
1465 2871 1634 2955 explicant.
1680 2871 1842 2957 Virginem
1876 2875 2005 2957 quidem
2038 2881 2057 2944 i.
2093 2901 2119 2945 e.

312 2979 480 3046 Astraeam
509 2979 560 3062 (cs.
590 2980 657 3045 Ecl.
685 2979 731 3045 lV
760 2982 814 3063 6.),
841 2977 1005 3045 Justitiam
1033 3000 1053 3044 a
1080 2985 1174 3062 poeta
1201 2984 1288 3043 recte
1314 2975 1420 3042 induci
1450 2975 1689 3054 intellexerunt,
1718 2976 1774 3042 sed
1803 2979 1858 3060 qui
1887 2980 2119 3066 astrologorum

311 3085 511 3168 opinionibus
532 3087 632 3164 nixu)
655 3105 713 3168 pro
729 3083 827 3150 chelis
842 3082 1075 3149 substituerunt
1095 3082 1220 3160 libram,
1244 3081 1337 3164 longe
1352 3101 1372 3145 a
1387 3101 1461 3146 vero
1483 3078 1633 3145 aberasse
1647 3077 1804 3146 videntur.
1841 3080 1966 3162 Quidni,
1991 3106 2119 3168 quaeso,

310 3187 394 3254 libra
422 3191 508 3273 ipsa,
542 3187 610 3255 Gen
639 3189 654 3254 Ι
684 3191 746 3254 208
774 3196 1035 3268 commemorata,
1070 3207 1090 3252 a
1117 3191 1213 3269 poeta
1240 3183 1439 3250 nominetur?
1477 3182 1593 3260 Quidni
1619 3185 1817 3267 scorpionem
1845 3187 2002 3269 omiserit,
2032 3190 2119 3255 sidus

311 3292 391 3357 alias
419 3293 606 3378 iarisumi⁶)
639 3294 718 3358 Deiu
753 3291 892 3358 editores
926 3313 996 3356 cum
1029 3291 1088 3355 hoc
1122 3291 1191 3354 loco
1214 3289 1321 3355 chelas
1344 3289 1519 3372 scorpionis
1552 3287 1666 3353 libram
1701 3308 1770 3354 esse
1806 3288 1924 3370 iubent,
1959 3291 2021 3375 ipsi
2056 3296 2118 3358 vim

310 3398 456 3482 imaginis
470 3397 657 3464 deminuunt
672 3404 770 3481 atque
785 3395 904 3461 delent:
933 3395 1083 3462 Justitiae
1104 3393 1257 3479 symbola,
1281 3392 1389 3458 chelas
1404 3395 1469 3458 sire
1492 3391 1641 3457 bracchia
1663 3393 1860 3475 scorpionem
1882 3414 1960 3476 prae
1976 3395 2118 3479 Augusto

309 3501 507 3584 contrahere,
535 3504 590 3586 qui
613 3500 683 3567 fieri
706 3508 842 3586 poterat,
866 3506 902 3564 ιιι
924 3505 1020 3582 poeta
1042 3496 1268 3564 contenderet?
1303 3496 1422 3574 Quibus
1445 3495 1590 3562 omnibns
1606 3493 1848 3561 difficultatibus
1863 3497 1983 3564 mederi
2006 3504 2117 3582 possis.

309 3607 336 3670 si
366 3605 518 3670 Varronis
545 3605 686 3671 fabulam
713 3611 840 3689 poetam
869 3603 930 3669 sibi
957 3597 1133 3668 vindicasse
1161 3607 1268 3686 putes:
1298 3607 1334 3665 ut
1362 3600 1515 3666 Hercules
1537 3600 1686 3664 virtutem
1709 3621 1859 3666 exercens
1881 3600 1922 3666 ad
1945 3600 2022 3668 deos
2044 3625 2119 3688 pro-

307 3711 410 3777 fectus
432 3717 481 3776 est
502 3710 555 3776 ria
577 3708 618 3775 ad
642 3711 839 3793 scorpionem
855 3707 998 3786 ducente,
1022 3709 1069 3773 ita
1085 3708 1245 3790 Augustus
1264 3725 1335 3769 cum
1350 3703 1406 3768 illo
1421 3709 1624 3787 comparatus
1639 3705 1836 3786 scorpionem
1851 3704 1913 3770 iam
1931 3715 2118 3774 consecutus

307 3821 365 3894 est,
389 3835 426 3880 eo
449 3812 655 3881 excellentior
677 3811 766 3878 doris
789 3811 865 3890 filio,
882 3809 967 3894 quod
990 3811 1086 3876 etiam
1110 3811 1234 3893 scorpio
1259 3805 1500 3873 ‘formidolosus'
1524 3826 1636 3872 verens
1658 3811 1884 3891 imperatorem
1907 3807 1947 3874 de
1973 3811 2042 3876 loco
2066 3813 2119 3878 de-

307 3919 401 4000 cedit,
423 3919 471 3983 ita
493 3924 528 3984 ut
550 3917 590 3984 de
612 3916 695 3984 libra
718 3916 895 4001 Vergilium
917 3914 976 3978 hoc
998 3913 1067 3979 loco
1091 3915 1217 3978 omnino
1240 3933 1302 3978 non
1324 3911 1481 3996 cogitasse
1504 3932 1562 3995 pro
1585 3917 1674 3976 certo
1697 3909 1931 3978 affirmaverim.
1943 3912 1967 3994 ⁷)

463 4056 482 4122 Ι)
500 4054 534 4108 ct.
552 4051 673 4120 Kettner,
693 4053 872 4107 Varronische
892 4050 1002 4104 e'tudien
1020 4065 1063 4117 pg.
1083 4051 1116 4102 iS
1135 4050 1188 4104 sed.
1208 4049 1240 4102 ci.
1259 4047 1363 4102 Merkel
1381 4045 1452 4112 (ride
1469 4046 1547 4114 inira)
1565 4061 1608 4115 pg.
1630 4045 1686 4100 160.

458 4141 482 4208 ²)
501 4141 560 4208 Qua
572 4139 604 4192 de
617 4155 699 4193 causa
711 4138 847 4206 quadrigis
862 4144 979 4190 uteretur
992 4135 1190 4202 Erichthonius,
1210 4134 1346 4188 adnotavit
1363 4133 1467 4188 Probus
1486 4135 1512 4186 in
1531 4131 1586 4186 Gen
1605 4131 1646 4184 llI
1666 4133 1715 4186 113
1733 4147 1776 4199 pg.
1795 4133 1829 4185 611
1846 4131 1915 4186 Keil.
1928 4165 1958 4172 --
1972 4133 2113 4188 Numerum

305 4228 484 4282 centenarium
503 4226 645 4294 explicarit
662 4225 773 4278 Vossius
791 4222 909 4278 Servium
926 4229 1041 4280 sentitus,
1060 4221 1130 4288 quod
1146 4221 1298 4273 dubitanter
1316 4218 1438 4286 probavit
1455 4215 1685 4284 Heme-Wagner.
2144 4212 2149 4225 '

457 4311 480 4378 ³)
498 4311 531 4365 cl.
549 4311 627 4365 Plinii
646 4317 699 4364 nat.
718 4309 779 4363 hist.
798 4309 908 4362 111156.

456 4399 481 4464 ⁴)
499 4395 605 4465 Fragm
618 4395 630 4448 1
643 4395 714 4464 apud
733 4395 813 4450 Riese
831 4410 873 4463 pg.
887 4392 950 4458 23&
974 4393 1007 4446 ci.
1028 4391 1138 4454 Vahlen,
1157 4393 1330 4446 coniectanea
1352 4389 1379 4441 in
1397 4387 1433 4442 111.
1453 4387 1571 4440 Terentii
1590 4385 1719 4442 Varronis
1742 4393 1891 4441 saturarum
1911 4387 2114 4458 Menippearum

305 4482 437 4552 reliquias.
474 4481 582 4551 Lipsiae
603 4483 675 4538 1358.
694 4497 737 4552 pg.
757 4481 807 4534 213
826 4496 883 4549 sqq.

456 4569 477 4636 1)
495 4567 528 4622 ct.
542 4566 637 4634 ideler,
650 4565 888 4633 Untersuchrmgen
901 4563 1031 4618 uuerden
1044 4562 1183 4631 Urspruug
1196 4559 1250 4614 und
1261 4559 1304 4612 die
1317 4558 1475 4626 Bedeutung
1487 4557 1535 4611 der
1545 4561 1725 4611 dtemnamen.
1744 4557 1836 4609 Berlin
1849 4557 1921 4611 1809.
1940 4574 1983 4626 pg.
1996 4560 2043 4614 174
2054 4577 2112 4628 sqq.

456 4655 480 4719 ⁰)
497 4653 530 4707 cf.
549 4652 614 4705 Hor.
633 4669 654 4706 c.
674 4652 700 4706 11
720 4655 743 4720 7,
765 4655 808 4706 li:
825 4651 1012 4706 formidolosus
1030 4649 1149 4717 scorpio,
1167 4647 1234 4701 Ouid
1251 4645 1351 4699 Metam
1369 4645 1395 4698 11
1413 4645 1455 4700 81.
1475 4645 1540 4698 Fast
1556 4642 1595 4696 IV
1615 4645 1675 4696 liii:
1693 4641 1857 4696 metuendus

457 4739 480 4806 ⁷)
498 4739 540 4792 Aa
558 4738 639 4792 Geol
658 4739 704 4791 461
728 4738 852 4805 ‘denique
871 4737 933 4805 quid
952 4751 1046 4806 vesper
1064 4751 1139 4790 sorus
1157 4733 1244 4788 vehar
1266 4732 1447 4786 varronianae
1466 4737 1574 4784 saturae
1591 4727 1800 4796 inscriptionem:
1820 4730 1918 4782 <nescis
1937 4729 1999 4796 quid
2018 4743 2113 4797 reaper

304 4841 378 4881 seros
397 4826 485 4880 rclrat‘
505 4823 618 4886 (Gellius
636 4823 701 4877 Xlll
724 4825 761 4890 11,
783 4825 808 4885 11
827 4828 884 4876 aut:
904 4823 1000 4877 ‘nescis
1018 4821 1082 4891 quid
1100 4835 1194 4888 vesper
1212 4819 1299 4872 vehat>
1324 4815 1488 4880 (iiacrobius
1507 4815 1519 4868 l
1538 4819 1562 4878 i,
1583 4817 1622 4882 12,
1641 4815 1685 4883 qui
1704 4811 1802 4881 ubique
1819 4815 1875 4867 iere
1893 4829 1926 4866 cx
1944 4813 1989 4866 iilo
2008 4815 2112 4882 pendet,

304 4911 475 4980 quamobrem
498 4911 519 4964 a·
537 4909 702 4964 Buechelero
727 4909 752 4961 in
776 4909 894 4962 Petronii
917 4915 968 4962 etc.
995 4907 1149 4976 fragmentis
1172 4903 1351 4972 inscriptionis
1374 4903 1459 4956 torma
1481 4917 1497 4954 a
1520 4901 1609 4969 priore
1637 4905 1740 4953 servata
1767 4907 2006 4963 commemoratur).
2033 4907 2113 4969 poeta

304 4997 478 5064 denotaverit,
497 5003 526 5050 ut
545 4996 586 5049 W.
606 4993 769 5049 Ribbeclrius
787 4995 878 5060 (index
898 5001 1034 5048 auctorum
1052 4991 1094 5046 ad.
1113 4994 1138 5046 h.
1158 4993 1186 5058 l.)
1205 4991 1336 5060 opinatur,
1360 4986 1436 5042 valde
1454 4995 1495 5040 est
1513 4985 1729 5050 addubitandum‚
1752 4984 1822 5050 quod
1841 4982 1906 5036 iliud
1924 4983 1976 5036 iam
1995 4999 2113 5040 sermone

303 5085 394 5136 tritum
413 5083 580 5151 proverbium
598 5088 640 5135 est
656 5081 701 5142 (ct.
719 5079 776 5134 Ιιιν.
789 5079 865 5134 XLV
882 5081 906 5146 8,
924 5081 950 5147 6)
968 5087 995 5132 et
1012 5077 1045 5132 de
1062 5078 1141 5132 titulo
1159 5077 1216 5145 ipso
1235 5075 1304 5129 inter
1316 5072 1430 5128 Gellium
1442 5070 1646 5126 etldacrobium
1664 5068 1820 5136 ambigitur;
1836 5069 1887 5122 huc
1907 5069 2018 5136 accedit,
2040 5070 2112 5137 quod

304 5167 350 5222 alii
367 5167 471 5222 codices
489 5167 615 5220 exhibent
633 5167 730 5220 ‘vehat‘
751 5166 791 5220 vel
811 5172 901 5232 ‘urata
920 5165 965 5218 alii
984 5165 1071 5218 ‘terat’
1090 5163 1122 5216 ci.
1141 5163 1198 5216 Liv.
1217 5161 1234 5214 l.
1254 5161 1282 5213 l.:
1302 5165 1380 5226 uum,
1399 5158 1462 5226 quid
1480 5171 1574 5224 vesper
1592 5155 1667 5222 ierat,
1686 5155 1814 5208 incertum
1833 5155 1884 5208 sit)
