4860 6048
1242 513 1284 578 78

1160 606 1360 614 ———

356 751 495 820 moribus
511 753 747 838 investigandis,
769 755 800 818 in
817 754 959 837 reliqniis
975 739 1202 838 antiquitatum
1218 757 1392 822 latinarum
1408 756 1643 838 perscrutandis
1660 763 1692 822 et
1707 754 1929 838 colligendis,¹)
1946 755 1979 818 in
1995 757 2167 824 satirarum

355 857 548 923 carminibus
575 857 799 942 componendis
828 879 862 922 so
889 857 1075 941 praebuerit
1101 865 1229 942 poetam
1256 882 1330 926 vero
1357 880 1533 940 romanum,
1563 858 1605 925 ud
1626 862 1768 926 rationes
1794 859 1920 923 inerte
1943 859 2100 926 medicina
2126 862 2168 928 ab

356 984 393 1029 1ο
420 963 582 1030 adhibitos
603 984 661 1028 nos
684 952 824 1028 animum
852 962 1017 1029 attendere
1040 963 1144 1030 velim.
1191 965 1356 1048 Legentcs,
1386 971 1422 1028 ut
1444 963 1602 1048 Corcyrae
1625 968 1769 1030 versatus
1792 967 1960 1046 postquem
1983 964 2166 1047 pestilentia

357 1067 522 1134 mortifera
548 1072 660 1133 exorta
686 1077 736 1132 est
763 1066 934 1132 obstructis
962 1065 1184 1150 pestilentibus
1215 1105 1249 1114 —
1281 1075 1390 1134 auster
1418 1089 1515 1134 eausa
1542 1067 1662 1133 1111-
1695 1068 1783 1132 novis
1811 1065 1959 1130 fenestris
1985 1067 2167 1150 aquilonem

355 1169 578 1236 inmitteudnm
606 1169 803 1251 curaverit,²)
831 1171 864 1235 in
886 1169 1098 1254 suspicionem
1126 1168 1198 1236 (luci
1222 1193 1278 1238 nos
1301 1193 1363 1238 nen
1385 1193 1514 1238 neeesse
1536 1177 1595 1251 est,
1624 1171 1800 1238 Varronem
1828 1167 1914 1252 quod
1937 1169 2051 1236 medici
2073 1170 2167 1238 huius

356 1277 472 1340 estatis
487 1273 527 1340 de
542 1275 664 1359 origine
679 1273 861 1340 morborum
876 1294 977 1357 nuper
992 1272 1173 1340 docuissent
1192 1277 1256 1340 iarn
1271 1277 1453 1342 coniectura
1468 1275 1690 1359 prospexisse?
1723 1273 1761 1338 id
1784 1272 1962 1338 certissimo
1983 1282 2166 1357 argumento

358 1376 512 1462 probatur
540 1379 625 1462 quod
658 1379 792 1462 legimus
820 1376 860 1442 de
888 1400 911 1442 r.
941 1398 966 1442 r.
996 1377 1011 1442 l
1043 1381 1092 1456 12,
1126 1381 1145 1443 2
1176 1401 1247 1444 eum
1274 1379 1354 1443 dicit
1382 1379 1422 1444 dc
1449 1379 1513 1445 situ
1545 1375 1659 1445 idoneo
1686 1377 1794 1444 villae:
1843 1376 2167 1444 ‘animadvertendum

356 1483 461 1562 etiam,
479 1485 506 1548 si
521 1503 586 1566 qua
601 1492 694 1547 erunt
708 1481 780 1546 loee
796 1481 963 1565 palustria,
981 1488 1013 1546 et
1028 1487 1159 1567 propter
1174 1481 1301 1548 eusdem
1318 1503 1431 1548 causas
1447 1489 1480 1548 et
1495 1483 1624 1566 quod³)
1647 1487 1832 1548 creseunt
1846 1480 2035 1546 animalia
2051 1502 2171 1564 quae·

355 1585 438 1652 dom
467 1587 633 1666 urinuta,
663 1607 761 1669 queo
784 1606 857 1650 non
880 1591 1044 1668 possunt
1066 1586 1170 1651 oculi
1200 1588 1386 1670 consequi
1415 1593 1456 1651 et
1477 1607 1546 1670 per
1567 1607 1663 1652 aera
1685 1586 1792 1650 intus
1813 1585 1852 1650 11
1875 1604 2015 1668 corpus
2037 1605 2106 1668 per
2128 1607 2170 1650 os

356 1713 399 1756 ac
415 1713 534 1758 nares
557 1691 792 1774 perveniunt
821 1695 938 1772 atque
961 1689 1147 1757 officiunt
1169 1689 1355 1756 difficilis
1378 1689 1548 1756 morbos’.
1583 1689 1621 1755 cf.
1644 1689 1772 1756 Sueten.
1796 1687 1885 1752 Iteiff.
1910 1709 1961 1773 pg.
1980 1689 2051 1753 238.
2088 1687 2170 1754 Ecce

355 1797 455 1862 habes
471 1795 647 1862 doctrinam
663 1793 851 1860 becillorum
867 1792 1246 1877 (Bazilleutheorie)
1262 1815 1359 1878 quem
1377 1793 1479 1860 Varro
1495 1796 1558 1860 iam
1574 1799 1642 1860 tum
1665 1791 1825 1858 divinatus
1847 1797 1904 1858 est.
1951 1791 2021 1869 Qua
2042 1791 2171 1875 quidem

356 1921 395 1965 ex
417 1921 453 1966 re
480 1901 618 1965 maxime
651 1897 732 1964 effici
762 1897 839 1962 milri
868 1897 1005 1976 videtur,
1034 1920 1151 1964 avere
1178 1898 1364 1977 desciscere,
1394 1899 1450 1982 qui
1472 1903 1596 1966 veteres
1625 1904 1657 1964 et
1678 1899 1711 1962 in
1733 1896 1874 1981 physicis
1902 1897 1988 1961 etin
2012 1895 2170 1962 medicine

355 2004 483 2070 minime
517 2003 689 2088 profecisse
718 2001 924 2082 couteudaut3
960 2005 1118 2069 enimvero
1144 2009 1179 2068 ut
1213 2001 1269 2068 elii
1302 2000 1388 2067 modi
1416 2002 1551 2068 sanandi
1579 2001 1744 2082 morb08,⁴)
1773 2001 1821 2066 ite
1847 2001 1894 2064 vis
1932 1999 2169 2067 ‘electricitatis'

357 2108 407 2188 (ut
420 2109 467 2172 itu
482 2107 611 2188 dicam),
634 2127 717 2190 quae
733 2126 845 2190 aegros
860 2105 993 2188 reficiet,
1016 2107 1062 2173 eis
1077 2107 1231 2186 innotuit;
1254 2127 1328 2171 num
1344 2104 1564 2190 torpedinibus
1588 2105 1774 2190 corporibus
1796 2104 1934 2170 admotis
1957 2109 1989 2170 et
2003 2107 2170 2188 appositis,

355 2217 513 2294 aegrotae,
536 2211 622 2276 velut
637 2209 781 2294 podagra
796 2215 829 2274 et
843 2211 957 2294 eapitis
973 2209 1083 2276 dolore
1098 2211 1238 2290 affectos,
1255 2209 1366 2294 plagas
1383 2209 1567 2276 ‘electrices'
1592 2209 1754 2294 accepisse
1765 2210 1940 2274 invenimus
1955 2210 1988 2276 iu
2003 2207 2170 2274 undecima

356 2316 620 2398 compositionum
644 2313 783 2380 Sribonii
802 2313 944 2398 Largi:⁵)
969 2315 1093 2398 ‘cupitis
1116 2314 1257 2382 dolorem
1280 2314 1425 2398 quamvis
1447 2319 1584 2380 veterem
1609 2321 1641 2379 et
1663 2312 1897 2378 intolerabilem
1919 2313 2063 2397 protinus
2085 2312 2171 2377 tollit

356 2425 387 2484 et
415 2421 448 2483 in
472 2425 661 2503 perpetuum
684 2416 841 2484 remediat
867 2416 1001 2502 torpedo
1029 2418 1122 2500 nigre
1144 2417 1215 2484 viva
1237 2420 1376 2502 inposito
1398 2439 1436 2483 eo
1458 2417 1536 2498 loeo,
1566 2417 1619 2500 qui
1644 2417 1676 2482 in
1699 2415 1809 2482 dolore
1832 2422 1890 2494 est,
1921 2414 2021 2482 donec
2043 2415 2169 2482 desinet

356 2521 446 2589 dolor
474 2529 506 2589 et
528 2521 734 2605 obstupescet
756 2542 795 2586 eu
817 2543 892 2605 pars
915 2539 917 2546 ’
917 2570 1049 2586 .....
1076 2521 1186 2587 Plures
1214 2528 1322 2587 autem
1350 2521 1514 2604 parandae
1536 2525 1610 2586 sunt
1633 2521 1701 2586 eius
1724 2519 1848 2603 generis
1870 2519 2063 2603 torpedines
2094 2521 2169 2602 quiu

355 2649 590 2710 nonnumquam
611 2627 663 2690 vix
679 2625 721 2692 ed
736 2626 816 2692 duas
831 2631 935 2691 tresve
957 2623 1128 2708 respondet
1151 2627 1284 2707 curatio,
1312 2622 1345 2691 id
1369 2631 1416 2691 est
1438 2631 1558 2709 torpor,
1582 2623 1667 2707 quod
1691 2623 1815 2706 signum
1838 2627 1888 2692 est
1910 2621 2168 2690 remedietionis'.

356 2730 395 2796 ef.
420 2753 555 2816 compos.
583 2732 652 2794 102.
677 2771 718 2780 -

514 2901 530 2970 ¹)
548 2901 580 2954 ci.
601 2901 655 2956 Cic.
673 2901 755 2955 Acad.
775 2900 786 2954 l
806 2901 829 2954 n.
849 2901 937 2966 Quint.
957 2899 980 2952 X
1004 2902 1023 2967 l,
1036 2899 1076 2954 95.
1097 2900 1128 2955 et.
1147 2899 1294 2954 Mommsen
1313 2900 1372 2954 inst.
1392 2915 1457 2954 rem.
1477 2899 1539 2968 111⁶,
1561 2899 1688 2967 601111.
1715 2929 1743 2936 --
1769 2895 1927 2952 Notatioucs
1945 2897 1977 2952 eb
1997 2913 2028 2952 ee
2046 2897 2167 2966 pmlatne

356 2985 434 3040 hodie
448 2986 529 3040 risum
538 2983 1085 3053 1111111111,171111111111111111111
1099 2983 1174 3039 illud:
1188 2986 1272 3039 ‘lucus
1285 3001 1316 3038 11
1330 2984 1416 3039 dictus
1425 2990 1541 3054 putetur,
1555 2984 1626 3052 qnod
1639 2984 1744 3038 minime
1758 2983 1854 3036 luceet'
1868 2981 2040 3048 (Willmenns
2052 3000 2094 3052 pg.
2105 2985 2168 3053 111),

355 3072 435 3138 vulgo
453 3070 593 3139 redditum,
613 3072 699 3125 ‘lucus
717 3087 733 3124 e
748 3086 802 3125 nou
820 3069 949 3124 lucendo.
988 3069 1072 3124 Vane
1091 3069 1182 3124 dicens
1201 3076 1328 3139 ‘putatur’
1347 3070 1432 3124 hocce
1450 3069 1624 3139 veriloquium
1642 3086 1696 3123 nou
1714 3071 1780 3124 setis
1797 3067 1947 3137 approbare
1965 3069 2076 3124 videtur¹

509 3157 533 3224 ²)
551 3157 584 3210 ct.
604 3157 690 3211 Verre
715 3172 735 3210 r.
754 3173 774 3208 r.
794 3155 850 3222 14,
869 3157 896 3210 5:
924 3161 987 3210 ‘non
1004 3155 1047 3208 hio
1066 3155 1152 3210 Verre
1171 3163 1268 3222 nester,
1290 3171 1350 3209 curn
1369 3157 1501 3225 Corcyrae
1519 3163 1591 3210 osset
1609 3156 1740 3209 exercitus
1759 3171 1789 3208 uc
1808 3154 1902 3208 elassis
1924 3161 1951 3206 et
1969 3171 2059 3209 ornnes
2078 3155 2170 3210 domus

362 3241 480 3311 repletae
503 3247 593 3296 essent
609 3244 726 3308 aegrotis
744 3257 774 3296 ne
793 3240 936 3308 funeribus,
956 3241 1063 3296 irrmisso
1081 3241 1204 3296 fenestris
1223 3241 1297 3296 novis
1315 3240 1439 3309 aquilone
1460 3247 1487 3294 ct
1505 3239 1648 3296 obstr-nens
1667 3239 1853 3308 pestilentibus
1870 3239 2003 3308 ianuaque
2021 3246 2170 3310 permutato

357 3336 498 3397 ceteraque
517 3329 574 3382 eius
590 3326 693 3394 generis
712 3326 848 3395 diligentia
866 3342 929 3380 suos
946 3327 1056 3380 comites
1074 3342 1104 3380 ac
1123 3326 1265 3381 ieniiliures
1284 3327 1429 3382 incolumes
1447 3325 1580 3381 reduxiti¹

509 3413 531 3482 ³)
550 3413 621 3467 Ante
645 3418 785 3467 furescunt>
809 3411 941 3466 invenitur
965 3413 1122 3482 [arescunt
1146 3413 1219 3467 uncis
1238 3412 1371 3480 inclusum
1395 3412 1474 3466 etium
1497 3412 1524 3466 iu
1542 3411 1640 3466 maiore
1664 3411 1779 3466 editione
1802 3410 1923 3480 (Lipsiae
1946 3411 2021 3478 18111)
2039 3427 2055 3464 s
2073 3409 2167 3478 Keilio,

357 3499 431 3554 cuius
449 3498 646 3554 adnotationem
665 3497 692 3551 in
711 3499 899 3552 commentario
918 3497 945 3551 ll
963 3497 1087 3566 143144
1105 3498 1233 3552 conserus.

508 3586 531 3652 ⁴)
549 3583 581 3637 cl.
601 3583 793 3638 Wecbensehr.
812 3582 829 3636 i.
848 3579 935 3638 liluss.
955 3582 1051 3637 Philol.
1073 3581 1145 3637 1388.
1164 3597 1206 3660 pg.
1228 3585 1283 3638 101,

509 3671 531 3733 ‘t
550 3669 590 3723 ed.
610 3669 641 3723 G.
660 3667 821 3723 Helmreich.
850 3667 958 3738 Lipsiae
979 3669 1052 3724 1887.
