4860 6048
1156 512 1360 523 ———-—.-

354 663 563 751 superiorum,
605 665 667 732 iste
699 666 777 749 quin
809 665 842 730 in
874 662 1142 747 vituperationem
1168 663 1479 732 vehementissimam
1506 666 1808 755 acerbissimamque
1835 671 2102 756 contemptionem
2131 675 2165 736 et

350 767 534 888 usquedum
556 773 590 834 et
611 767 811 852 posteritatis
832 767 980 844 venisset,
1003 765 1058 832 uix
1079 767 1248 851 qnisquam
1270 767 1305 834 iu
1327 767 1459 887 dubium
1480 771 1650 838 vocaverit
1700 770 1768 839 lios
1797 779 1903 842 summ
1925 795 2038 842 cavere
2059 773 2165 850 selim,

348 977 498 1042 nimirum
520 997 589 1042 mos
612 975 677 1057 ille,
700 995 764 1059 quo
787 995 827 1041 ex
848 972 940 1040 libris
963 971 1098 1039 eliorum
1121 978 1289 1059 poetarum
1311 974 1556 1043 domesticorum
1578 976 1727 1046 flosculos
1747 979 1962 1066 excerpebant
1982 985 2165 1067 excerptos·

348 1100 412 1163 que
433 1081 500 1146 suis
521 1078 715 1158 inserebant,
738 1083 811 1146 eret
832 1077 1061 1146 usitatissimus
1083 1097 1187 1162 neque
1208 1079 1420 1160 inconcessus,
1443 1086 1540 1164 atque
1554 1083 1729 1167 scriptores
1750 1091 1876 1152 tautum
1898 1084 2021 1164 aberat,
2044 1090 2082 1150 ut
2102 1083 2164 1150 hac

347 1204 383 1249 re
405 1203 440 1252 se
467 1182 634 1250 infamiam
666 1183 729 1250 sibi
757 1179 950 1248 conflaturus
977 1185 1139 1265 putarent,
1168 1186 1205 1247 ιι
1233 1202 1288 1248 eos
1315 1202 1451 1267 quorum
1478 1183 1596 1251 aemuli
1623 1188 1814 1256 exsisterent
1840 1188 1963 1256 honore
1988 1195 2021 1255 et
2047 1187 2162 1254 decore

350 1307 469 1372 augere
491 1287 659 1355 attollere
681 1287 743 1354 sibi
764 1285 958 1354 viderentur.

498 1387 588 1458 Inter
610 1411 719 1458 omnes
741 1396 853 1476 poetas
876 1387 1013 1472 Augusti
1035 1387 1162 1467 aetatis,
1185 1389 1241 1472 qui
1263 1387 1399 1456 aliorum
1421 1395 1591 1486 auctorum
1608 1396 1751 1481 uestigiis
1771 1395 1954 1463 insistentes
1970 1401 2003 1462 ιι
2016 1399 2163 1463 externo·

348 1516 421 1562 rum
436 1505 471 1563 et
485 1493 731 1564 domesticorum
753 1495 816 1560 iter
838 1493 881 1560 ad
903 1491 1081 1558 Parnasum
1103 1496 1284 1574 tentarunt,
1307 1491 1468 1580 Vergilius
1489 1494 1628 1581 primum
1649 1496 1773 1566 obtinet
1793 1499 1905 1568 locum.
1942 1497 2033 1579 Quod
2055 1503 2163 1564 autem

343 1604 448 1666 totum
473 1597 657 1681 Homerum,
685 1595 889 1684 Apollonium
913 1595 1082 1674 Rhodium,
1110 1596 1316 1664 Theocritum
1343 1598 1438 1665 hodia
1466 1597 1500 1664 iu
1526 1599 1673 1670 manibus
1701 1601 1865 1686 habemus,
1901 1602 2040 1670 facultas
2068 1601 2159 1668 nobis

349 1699 429 1770 data
449 1708 499 1770 est
520 1701 620 1770 oculis
641 1703 784 1788 ipsorum
806 1701 925 1768 nostris
948 1698 1160 1781 diiudicandi,
1189 1700 1267 1786 quid
1294 1701 1327 1767 in
1355 1701 1549 1770 carminibus
1571 1701 1705 1772 Graecis
1732 1705 1797 1774 illis
1820 1689 1946 1788 debbat,
1969 1703 2048 1792 quid
2070 1703 2162 1772 eddi-

349 1805 436 1873 derit
458 1827 476 1874 e
499 1829 557 1874 suo
579 1827 665 1892 penu
685 1808 831 1886 inventa,
859 1803 894 1870 id
923 1801 1009 1889 quod
1036 1805 1166 1873 minime
1192 1807 1374 1891 perspicere
1403 1827 1571 1892 possumus
1598 1809 1685 1894 apud
1707 1807 1877 1877 Horatium
1900 1809 2061 1898 sl'ibulium
2083 1809 2161 1876 Pro·

347 1910 488 1996 pestium
508 1910 589 1978 aiios
619 1917 753 1997 propter
775 1910 900 1974 ruinam
922 1928 1111 1992 graecorum
1131 1907 1312 1994 lyricorum,
1336 1930 1353 1975 e
1376 1908 1491 1994 quibus
1512 1907 1668 1979 Horatius
1689 1913 1818 1998 pendet,
1840 1920 1874 1982 et
1894 1935 2043 2005 maguam
2065 1935 2162 2000 quam

349 2011 481 2082 fecimus
502 2013 661 2081 iacturam
682 2020 851 2100 poetarum
873 2009 1181 2098 Alexandrinorum,
1208 2020 1246 2082 ut
1267 2013 1456 2081 Callimachi
1478 2013 1701 2100 Euphorionis,
1725 2017 1887 2105 Propertii
1908 2005 2029 2087 Tibulli
2056 2041 2162 2088 exem·

347 2118 497 2205 plurium,
530 2125 569 2186 ιι
601 2118 710 2185 Bionis
743 2117 945 2201 aliorumque
977 2117 1248 2204 philosophorum,
1281 2140 1362 2204 quos
1384 2117 1547 2184 Venusino
1579 2120 1613 2186 iu
1645 2122 1754 2190 satiris
1776 2131 1905 2208 praesto
1926 2123 2025 2192 fuisse
2046 2144 2164 2207 magne

347 2243 420 2290 cum
442 2223 547 2309 specie
569 2221 808 2308 probabilitatis
840 2219 999 2287 Ricardus
1032 2221 1152 2289 Heinze
1163 2221 1185 2306 ¹)
1218 2221 1392 2307 Lipsiensis
1424 2224 1607 2306 nuperrime
1640 2223 1878 2294 demonstrarit
1923 2225 1960 2293 lu
1983 2227 2162 2313 Georgicon

346 2325 476 2413 qnidam
502 2327 594 2396 libris
623 2327 764 2414 Vergilio
793 2347 862 2394 sors
889 2345 991 2410 aeque
1017 2323 1095 2393 felix
1127 2331 1224 2411 atque
1251 2323 1388 2393 Horatio
1415 2325 1544 2411 obtigit:
1573 2349 1648 2396 nam
1669 2351 1740 2397 cum
1763 2333 1796 2397 iu
1819 2333 1864 2398 eis
1885 2333 2029 2398 imitatus
2051 2332 2094 2398 sit
2114 2329 2162 2396 in·

347 2431 461 2518 primis
482 2439 597 2517 poetas
618 2429 868 2510 Alexandrinos,
898 2449 1032 2514 quorum
1060 2429 1141 2495 nihii
1168 2430 1231 2496 nisi
1257 2427 1356 2496 exilia
1383 2437 1417 2496 et
1436 2431 1547 2496 tenuia
1568 2429 1749 2518 fragmenta
1770 2441 1907 2517 exstant,
1930 2455 2056 2521 semper
2077 2433 2163 2519 quod

348 2542 444 2603 erunt
465 2537 521 2622 qui
542 2536 576 2603 in
598 2535 660 2604 hoc
681 2535 823 2602 carmine
845 2531 978 2600 Graccis
1012 2554 1084 2600 eum
1111 2551 1174 2598 non
1197 2530 1368 2599 obnoxium
1401 2529 1500 2600 fuisse
1521 2535 1724 2619 contendant,
1758 2558 1822 2606 nou
1854 2545 1904 2606 eet
1936 2560 1994 2607 cur
2024 2537 2161 2618 mireris,

346 2659 540 2726 quamquam
563 2635 717 2706 Nicandri
740 2635 928 2723 Colophonii
950 2633 1106 2720 Γεωργικὰ
1133 2634 1330 2721 plurimaei
1363 2635 1618 2722 suppeditavisse
1648 2641 1681 2708 in
1707 2640 1932 2710 dissertatione
1964 2663 2037 2709 mes
2068 2639 2161 2708 Helie

348 2741 509 2811 Saxonum
533 2743 651 2826 18782)
674 2741 762 2810 edite
783 2741 853 2828 ipse
875 2738 1090 2808 ostendebam.
1136 2737 1234 2806 Secus
1255 2759 1308 2804 res
1330 2759 1365 2805 se
1387 2738 1486 2806 habet
1507 2740 1540 2807 iu
1562 2741 1671 2810 latinis
1694 2745 1877 2814 auctoribus
1899 2743 2042 2830 Vergilii.
2066 2743 2161 2812 Ennii

346 2845 462 2916 Lucilii
485 2847 640 2916 Varronis
670 2851 799 2914 saturae
826 2866 944 2932 magna
971 2865 1009 2912 eo
1036 2842 1173 2912 dolenda
1201 2843 1359 2913 oblivione
1379 2852 1523 2912 vetustas
1551 2845 1660 2914 obruit
1687 2855 1720 2916 et
1741 2870 1844 2935 paene
1866 2852 2034 2931 exstinxit,
2061 2855 2099 2918 ut
2120 2871 2160 2916 ex

345 2974 458 3021 earum
473 2952 657 3039 depravatis
679 2957 721 3032 et,
744 2957 782 3017 ut
795 2951 843 3018 ita
857 2949 972 3033 dicam,
988 2949 1144 3016 mutilatis
1166 2949 1353 3035 fragmentis
1376 2971 1467 3018 nemo
1489 2957 1612 3017 certum
1625 2951 1779 3019 iudicium
1794 2951 1899 3022 fecere
1920 2954 2031 3039 possit,
2053 2961 2161 3021 utrum

346 3053 501 3125 Horatius
523 3054 626 3123 multa
644 3076 684 3122 ex
704 3054 770 3121 iliis
792 3057 965 3140 sumpserit
984 3073 1026 3120 an
1047 3073 1167 3139 pauca;
1189 3059 1287 3140 atque
1309 3055 1435 3121 ιιιιιιιι
1450 3075 1549 3139 opera
1564 3054 1718 3124 Varronis
1733 3057 1870 3138 Atacini,
1892 3057 1985 3126 unius
2000 3079 2041 3125 ex
2054 3059 2163 3124 multis

346 3159 531 3230 auctoribus
547 3159 688 3245 Vergilii,
711 3158 755 3226 ad
774 3179 910 3225 noanon
932 3166 1154 3244 pervenerunt,
1177 3165 1285 3226 tamen
1299 3157 1386 3245 qnod
1401 3159 1542 3228 Lucretii
1563 3181 1693 3229 carmen
1714 3169 1817 3229 totum
1832 3159 2020 3230 etVarrouie
2034 3163 2161 3231 Reatini

345 3271 413 3334 tres
433 3266 510 3333 iibri
532 3265 572 3332 de
594 3285 630 3332 re
652 3266 773 3332 rustica
795 3264 908 3348 scripti
930 3263 1037 3330 ιιιιι
1058 3271 1238 3348 supersunt,
1260 3263 1351 3330 nobis
1373 3261 1445 3332 illos
1466 3285 1537 3330 cum
1554 3264 1696 3350 Vergilio
1719 3265 1978 3352 comparantibus
1999 3265 2040 3334 de
2054 3264 2161 3333 indole

345 3369 456 3436 ιιιιιι
471 3368 638 3436 Mantuani
659 3368 803 3436 iudicare
824 3387 951 3452 semper
971 3365 1063 3434 licuit
1084 3388 1273 3453 semperque
1292 3367 1411 3435 licebit.
1445 3367 1493 3435 De
1508 3367 1667 3449 Lucretio,
1689 3371 1834 3455 quamvis
1848 3372 1882 3436 in
1896 3390 2013 3454 genere
2034 3369 2162 3437 dicendi

346 3473 481 3562 Vergilii
508 3483 639 3544 auctore
665 3474 852 3554 utilissimo,
881 3494 954 3540 cum
983 3469 1149 3558 disputare
1175 3473 1270 3540 huius
1296 3472 1360 3540 loci
1386 3494 1450 3539 non
1477 3473 1534 3552 sit,
1564 3473 1607 3540 ad
1634 3472 1812 3541 Varronem
1838 3473 2021 3548 Reatinum,
2048 3479 2160 3560 utpote

345 3601 462 3667 prosae
484 3581 638 3649 orationis
661 3581 860 3666 scriptorem,
888 3585 1018 3664 poetam
1044 3578 1079 3644 ιι
1106 3577 1277 3646 wantis
1300 3575 1464 3663 Georgicis
1485 3575 1640 3663 refugisse
1662 3577 1869 3662 negabam;⁸)
1896 3597 1971 3644 uam
1993 3598 2033 3643 ex
2059 3597 2160 3662 puero

347 3691 516 3754 consuetus
542 3684 610 3752 uita
646 3686 769 3753 rustica
797 3690 830 3752 et
855 3690 1028 3769 paternum
1055 3683 1224 3768 praedium
1251 3681 1479 3752 administrans
1511 3703 1661 3767 magnam
1686 3679 1902 3767 agriculturae
1930 3679 2161 3765 experientiam

346 3787 497 3858 habuisse
518 3787 589 3873 ipse
611 3786 842 3855 existimandus
863 3793 929 3866 est;
968 3807 1070 3871 qnare
1090 3787 1189 3871 igitur
1211 3785 1292 3854 aiios
1314 3785 1405 3853 adire
1428 3783 1587 3853 debebat?
1619 3784 1664 3851 tit
1676 3781 1707 3851 J.
1730 3805 1792 3852 van
1805 3782 2023 3870 Wageuingen
2043 3782 2160 3852 abhinc

347 3914 466 3980 panum
488 3913 588 3962 annos
609 3893 643 3960 in
671 3892 755 3960 libro
776 3891 879 3961 bonae
907 3890 1009 3974 frugis
1035 3889 1130 3976 pleno
1138 3890 1164 3975 ⁴)
1186 3890 1357 3959 Reatinum
1387 3895 1549 3958 auctorem
1576 3887 1787 3975 principalem
1807 3885 1941 3974 Vergilii
1967 3887 2160 3955 constituere

346 4003 479 4066 conatus
507 4002 566 4064 est.
611 3995 711 4077 Quem
738 3995 821 4062 ιιιι
849 3991 1113 4080 disceptationem
1142 4013 1205 4062 non
1231 3993 1275 4060 ad
1302 3993 1398 4061 finem
1425 3993 1613 4080 perduxisse
1640 3994 1706 4059 iam
1731 3991 1815 4058 hauc
1841 3990 1882 4057 ob
1914 4011 1983 4058 rem
2009 3991 2158 4071 arbitror,

347 4101 434 4192 quod
454 4102 490 4170 in
516 4099 593 4171 iibri
619 4105 716 4172 tertio
743 4103 849 4187 capite
877 4099 932 4184 (de
955 4098 1140 4166 auctoribus
1167 4119 1247 4184 quos
1268 4096 1429 4184 Vergilius
1450 4098 1485 4165 in
1507 4095 1673 4182 Georgicis
1695 4093 1864 4180 expressit)
1888 4115 1960 4161 cum
1981 4101 2159 4162 ceterorum

346 4215 415 4275 tum
437 4206 592 4274 Varronis
614 4205 702 4274 locos
723 4207 826 4290 magis
847 4206 991 4271 minusve
1014 4201 1134 4270 similes
1155 4201 1198 4267 ad
1213 4223 1306 4268 sunm
1327 4223 1485 4288 quemque
1500 4199 1636 4286 Vergilii
1655 4219 1782 4266 versum
1804 4197 1962 4266 collocare
1983 4196 2045 4265 sibi
2065 4197 2160 4264 satis·

345 4309 431 4380 fecit
476 4309 565 4390 Quae
587 4330 659 4377 cum
680 4309 729 4377 ita
750 4309 858 4394 sint,⁸)
881 4313 1067 4394 separatam
1088 4305 1402 4374 ιιιιιιιιιιιιιιιιιι
1423 4305 1463 4373 de
1495 4306 1688 4373 necessitate
1714 4305 1799 4372 inter
1821 4303 1999 4371 Varronem
2025 4308 2059 4369 ιι
2082 4303 2160 4371 Ver·

501 4461 521 4532 ¹)
537 4463 571 4520 ci.
588 4461 707 4518 iiichard
723 4461 833 4519 Heinra
867 4459 910 4516 De
927 4459 1042 4516 Horatio
1059 4457 1151 4514 Bionis
1169 4459 1310 4515 imitatore.
1344 4457 1457 4514 Dissert
1474 4457 1560 4514 Bono.
1597 4455 1670 4514 1889.

496 4545 522 4617 ¹)
539 4548 574 4604 H.
591 4548 710 4604 hiorsch.
728 4547 769 4603 Dc
785 4545 896 4603 Graecis
914 4545 1066 4602 auctoribus
1085 4547 1113 4600 in
1130 4541 1269 4613 Georgicis
1286 4560 1303 4599 ιι
1323 4542 1438 4614 Vergiiio
1456 4545 1600 4613 expressis.
1619 4558 1662 4612 pg.
1681 4542 1715 4599 ιι
1734 4557 1793 4612 sqq.
1814 4572 1844 4582 -

496 4632 520 4702 Ι)
537 4633 596 4690 ct
587 4649 616 4690 ιι
633 4633 820 4690 dissertatione
831 4646 892 4688 mea
902 4645 946 4702 pg.
958 4631 993 4687 84
1005 4637 1034 4686 et
1049 4630 1077 4686 ιι
1094 4644 1207 4685 ιιιιιιι
1224 4645 1305 4698 emm
1322 4627 1356 4686 de
1373 4627 1441 4685 libro
1460 4627 1634 4698 Wegeuingii
1649 4627 1703 4684 ieci
1719 4626 1748 4683 ιι
1765 4625 1991 4684 ‘Wochenschritt
2008 4626 2052 4682 ιιι
2068 4625 2157 4684 iiius

345 4717 513 4788 Philologie’.
550 4719 618 4776 1890
635 4715 742 4774 liniti

495 4804 521 4871 ⁴)
537 4803 655 4860 iacchus
672 4819 723 4858 rau
740 4801 950 4871 Wegeningeu'
942 4814 1006 4858 ιιι.
1042 4801 1083 4856 De
1100 4799 1214 4872 Vergilii
1231 4799 1378 4870 Georgicis
1414 4799 1553 4856 Uitrdecti
1571 4798 1606 4854 ed
1624 4797 1746 4856 Rhenum
1766 4799 1840 4856 1888.
1869 4801 1916 4854 tet
1935 4815 1980 4868 pp.

497 4889 521 4958 ι)
539 4887 644 4944 Primus
667 4894 698 4943 ut
718 4891 815 4958 opinor
836 4887 897 4942 ioh
920 4885 1050 4943 Heinrich
1070 4883 1169 4942 Voss
1162 4901 1191 4941 ιι
1213 4883 1402 4940 commentario
1425 4885 1575 4954 Georgicon
1597 4882 1726 4940 librorum
1747 4881 1877 4940 Varronis
1900 4882 2000 4938 simler
2018 4882 2091 4940 iocos
2108 4899 2157 4940 nee

344 4989 399 5029 non
425 4981 574 5029 ceterorum
600 4973 780 5043 agriculturae
806 4975 966 5042 scriptorum
984 4971 1093 5027 Catonis
1120 4969 1282 5026 Columellas
1309 4969 1522 5039 Geoponicornm
1545 4975 1669 5038 tuncrum
1696 4967 1777 5023 editio
1803 4983 1872 5024 uera
1896 4967 1925 5022 in
1946 4967 2034 5022 iucem
2058 4967 2159 5039 prodiit

344 5073 415 5114 anuo
438 5059 504 5116 teet
524 5075 542 5114 a
563 5057 656 5114 Βιιιι
680 5059 783 5129 curata)
800 5057 945 5129 permultos
967 5055 995 5112 iu
1018 5071 1095 5112 usum
1117 5055 1260 5126 convertit5
1286 5063 1394 5127 praeter
1419 5054 1611 5126 Wegeningen,
1637 5052 1683 5122 qni
1706 5051 1794 5108 Voseii
1820 5053 1926 5108 divitias
1949 5069 1979 5108 se
2005 5051 2158 5110 adhibuisse

343 5141 372 5200 in
388 5143 555 5215 mutatione
577 5143 635 5214 ipse
652 5149 775 5216 ιιιιιιιι,
796 5143 841 5199 ιιι
857 5141 1033 5200 mummius
1056 5148 1098 5198 ιιι
1114 5137 1305 5212 Raitxeustciu,
1327 5139 1373 5211 qui
1393 5141 1423 5198 in
1439 5139 1625 5197 ιιιιιιιιιιιιι
1647 5137 1690 5193 ‘de
1708 5139 1868 5209 scriptorum
1888 5142 1929 5196 rei
1949 5138 2065 5195 rusticae
2081 5137 2157 5194 libris
