4860 6048
1454 1139 1529 1198 Nihil
1547 1140 1645 1197 crescit
1662 1139 1719 1196 sola
1737 1139 1906 1198 imitatione.

1537 1225 1646 1294 Quinui.
1666 1227 1727 1280 inst
1746 1232 1814 1281 orat.
1832 1227 1858 1282 X
1875 1229 1900 1297 ι,
1918 1227 1942 1282 8.

432 1317 565 1428 Pocae
593 1360 742 1444 antiquos
768 1359 801 1423 in
829 1355 1002 1424 condendis
1030 1355 1225 1424 carminibus
1252 1357 1396 1442 priorum
1426 1355 1549 1440 scripta
1581 1355 1703 1424 maiore
1731 1377 1804 1423 cum
1834 1355 1979 1425 licentia
1998 1363 2096 1443 atque

280 1466 417 1534 audacia
437 1486 535 1550 quam
556 1469 683 1530 nostros
711 1461 853 1527 imitatos
881 1481 960 1538 esee,
984 1459 1130 1546 quisquis
1156 1459 1208 1528 rel
1236 1462 1385 1546 exiguam
1408 1481 1539 1544 operam
1566 1460 1601 1525 in
1628 1458 1755 1526 litteras
1782 1466 1906 1528 veteres
1933 1466 1967 1528 et
1988 1482 2097 1529 rocen-

280 1571 380 1638 tiores
406 1566 642 1655 cognoscendus
667 1562 870 1649 impenderit,
893 1563 988 1630 facile
1015 1566 1049 1629 ni
1077 1563 1172 1652 fallor
1200 1563 1373 1650 intelleget.
1429 1564 1556 1649 Duplex
1584 1569 1692 1629 autem
1720 1569 1792 1630 erat
1819 1565 1904 1631 ratio
1930 1553 2096 1631 imitandi:

281 1680 318 1741 ut
339 1675 485 1740 omittam
513 1669 663 1750 Graecos,
687 1688 823 1752 quorum
850 1668 962 1752 poesin
990 1669 1159 1752 genuinam
1186 1689 1255 1735 esse
1287 1667 1459 1734 verisimile
1491 1674 1551 1748 est,
1580 1665 1794 1733 Romanorum
1822 1669 1994 1753 scriptores
2020 1667 2096 1735 inde

281 1799 302 1845 ι
323 1777 415 1844 Livio
431 1773 613 1842 Andronico
635 1793 737 1857 usque
759 1770 801 1838 sd
823 1770 1111 1838 obmutescendum
1132 1771 1314 1839 litterarum
1335 1777 1490 1856 tempora,
1512 1771 1640 1856 penitus
1653 1771 1793 1838 imbutos
1808 1770 2005 1838 Graecorum
2021 1771 2096 1840 dou·

280 1882 368 1947 trina
393 1885 426 1947 et
453 1880 487 1946 in
514 1877 664 1964 oporibus
691 1874 743 1942 sel
770 1873 901 1941 Homeri
927 1873 979 1941 sel
1006 1882 1174 1959 poetarum
1202 1877 1417 1943 scaenicorum
1445 1874 1495 1941 ιιι
1523 1875 1811 1942 Alexandrinorum
1838 1897 1962 1943 summo
1989 1876 2095 1965 studio

280 1989 434 2064 versatos,
457 1984 597 2068 ipsorum
619 1979 719 2046 libros
742 1978 966 2063 composuisse,
990 1978 1054 2044 iam
1078 1979 1119 2047 sb
1142 1980 1284 2063 antiquis
1304 1978 1534 2063 interpretibus
1556 1978 1759 2046 observatum
1781 1985 1815 2048 et
1836 1986 1952 2065 postes
1977 1982 2095 2048 oriris

281 2088 385 2155 doctis
406 2091 456 2153 iot
477 2085 673 2172 argumentis
696 2081 920 2149 confirmatum
942 2087 1001 2163 est,
1024 2089 1060 2148 ut
1081 2083 1147 2149 iam
1170 2086 1286 2169 ‘pueris
1301 2081 1516 2150 decantatum’
1539 2103 1610 2150 esse
1631 2082 1787 2151 rideatur.
1831 2083 1968 2151 Romani
1987 2081 2095 2152 autem

281 2197 317 2258 ut
338 2190 552 2258 Horatianum
573 2187 668 2255 illud:

1129 2291 1206 2358 ‘Vos
1227 2290 1424 2376 exemplaria
1446 2289 1572 2359 Graeco

834 2391 1000 2461 Nocturna
1021 2402 1147 2462 versate
1168 2417 1274 2476 manu,
1296 2403 1421 2463 versate
1443 2394 1568 2462 diurna’

279 2523 453 2589 numquam
481 2498 700 2587 neglegebant,
728 2499 777 2565 ita
802 2498 901 2582 patrii
923 2499 1077 2565 sermonis
1101 2505 1270 2585 poetarum
1291 2521 1400 2585 opero,
1429 2499 1587 2584 aquibus
1609 2497 1721 2564 eadem
1742 2496 1794 2564 ιιι
1815 2499 1933 2566 similia
1954 2505 2095 2569 tractata

280 2614 382 2690 erant,
415 2605 456 2675 de
481 2603 641 2671 industria
666 2603 887 2686 inspiciebant,
925 2604 992 2669 sive
1024 2603 1110 2686 quod
1142 2604 1184 2670 ab
1220 2605 1265 2671 eis
1295 2603 1337 2668 ad
1365 2625 1424 2670 sua
1450 2609 1600 2687 poemata
1627 2600 1811 2670 exornanda
1837 2597 1948 2688 aliqua
1973 2600 2095 2674 lumina

279 2711 431 2796 petebant
458 2711 529 2776 sire'
551 2707 637 2793 qnod
665 2706 881 2790 compluribus
902 2707 1046 2774 versibus
1071 2706 1266 2774 adverbum
1288 2707 1453 2773 translatis
1475 2728 1528 2773 res
1549 2706 1786 2773 mutuabantur.
1832 2705 1943 2775 Altero
1966 2709 2095 2794 quidem

278 2815 373 2881 modu
404 2812 592 2879 imitationis
625 2817 750 2877 nostros
784 2830 910 2895 qnoque
942 2831 1017 2877 usus
1050 2831 1120 2877 esse
1153 2813 1299 2895 patescit,
1333 2813 1454 2896 qnippe
1487 2811 1552 2894 qui,
1586 2810 1781 2894 alienigenas
1813 2815 1925 2894 poetas
1953 2811 2093 2882 Graecos

277 2919 438 2984 ιιοιιιιοι
471 2915 643 2982 britannos
675 2913 902 2998 Francogallos
935 2912 1107 2981 imitandos
1139 2915 1200 2980 sibi
1233 2922 1456 2999 proponentes,
1493 2935 1602 2980 omnes
1636 2913 1784 2998 deinceps
1817 2914 1859 2980 ab
1892 2914 2018 3002 Opitzio
2051 2920 2094 2986 ad

279 3021 451 3090 Goethium
478 3027 512 3087 et
533 3017 731 3101 Sohillerum‚
757 3038 950 3103 quamquam
978 3039 1041 3084 non
1069 3024 1135 3084 tam
1162 3018 1265 3103 plenis
1293 3040 1390 3104 quam
1418 3027 1541 3085 veteres
1568 3017 1716 3085 manibus
1744 3039 1783 3083 ex
1810 3017 1874 3084 illis
1897 3018 2092 3106 delibabaut,

278 3123 576 3193 coruscamine
603 3120 799 3188 conficienda
826 3121 1085 3207 aggrederentur,
1115 3122 1205 3189 cuius
1231 3124 1280 3189 rei
1308 3122 1498 3189 documenta
1524 3121 1670 3207 prolerre
1696 3123 1889 3206 supersedeo
1916 3126 1979 3192 nisi
2006 3126 2093 3211 quod

277 3252 375 3297 unum
398 3227 589 3297 Schiilerum
611 3233 726 3294 testem
748 3227 811 3292 cito
833 3226 876 3292 ad
899 3222 1070 3292 Goethium
1092 3225 1298 3293 scribentem:
2082 3235 2084 3240 ·

567 3330 651 3398 ‘Und
673 3329 732 3397 aui
750 3329 808 3396 der
831 3328 915 3414 Spur
937 3328 994 3395 des
1018 3327 1176 3396 Griechen
1205 3329 1271 3395 und
1293 3327 1350 3395 des
1373 3329 1498 3395 Britten

568 3433 616 3501 Ist
638 3454 674 3501 er
697 3435 769 3519 (der
790 3432 943 3500 deutsche
966 3431 1098 3515 Genius)
1123 3433 1196 3499 dem
1218 3434 1348 3500 bessern
1370 3433 1495 3500 Ruhme
1515 3431 1814 3518 uacbgeschritten.'

429 3540 573 3607 Alteram
595 3559 670 3606 vero
692 3541 775 3606 viam
798 3539 986 3604 imitationis
1013 3539 1173 3623 principes
1202 3545 1383 3603 nostrarum
1412 3536 1593 3603 litterarum
1615 3557 1745 3621 prorsus
1773 3536 1960 3622 repudiasse
1988 3562 2091 3626 noque

278 3645 469 3712 vernaculae
501 3641 606 3727 poesis
640 3662 716 3726 opes
749 3648 817 3709 tam
855 3643 981 3726 copioso
1016 3648 1048 3708 et
1073 3641 1174 3708 libere
1203 3641 1397 3724 exhausisse,
1427 3648 1543 3728 quotus
1571 3641 1707 3725 quisque
1734 3641 1869 3708 inveniri
1901 3649 2009 3727 potest
2035 3646 2092 3730 qui

278 3748 421 3816 nesciat?
449 3746 533 3814 Nam
560 3747 588 3812 si
615 3749 687 3831 quis
710 3767 819 3812 eorum
841 3745 961 3826 eodem,
990 3766 1054 3830 qno
1082 3745 1233 3812 Romanis
1255 3744 1383 3828 licebat,
1406 3744 1528 3828 modo¹)
1562 3765 1596 3809 se
1624 3743 1849 3829 applicavisset
1875 3745 1918 3812 ad
1945 3749 2092 3834 exempla

434 3919 455 3982 ι)
486 3917 528 3972 De
553 3915 708 3971 imitationis
741 3915 850 3972 licentia
877 3915 912 3971 ad
939 3931 1020 3984 quam
1047 3923 1165 3972 veterum
1192 3921 1287 3985 poetae
1313 3923 1343 3970 ut
1369 3914 1503 3985 Vergilius
1530 3914 1656 3985 progredi
1684 3930 1738 3970 non
1764 3916 1938 3986 verebantur,
1970 3919 2091 3976 conferas

275 4003 408 4060 Macrobii
430 4001 640 4058 Saturnaliorum
661 3999 758 4056 librum
781 4009 893 4068 sextum,
916 4001 961 4056 ubi
984 4008 1112 4070 quantum
1133 4001 1179 4056 ilie
1202 4017 1236 4056 ex
1258 3999 1354 4071 Ennio,
1379 4001 1513 4070 Lucretio,
1538 4000 1648 4065 Naevio,
1670 3999 1752 4054 Accio
1771 4006 1820 4055 etc.
1843 4000 1886 4054 vel
1905 4006 2028 4058 ‘traxerit
2050 4005 2091 4062 ιιι

278 4088 456 4158 surripuerit,
482 4087 567 4143 fusius
589 4093 630 4142 est
652 4085 752 4141 dictum
777 4085 819 4151 (ci.
842 4085 955 4158 Vahlen,
982 4075 1056 4143 liber
1079 4087 1182 4141 Ennius
1205 4085 1259 4140 und
1281 4087 1431 4142 Lucretius.
1460 4085 1702 4155 Sitaungsbcriuhte
1727 4085 1774 4140 der
1795 4085 1883 4140 Akad.
1906 4085 1931 4140 d.
1952 4087 2032 4144 Wiss.
2057 4105 2092 4145 ιι

278 4174 371 4229 Berlin
391 4173 465 4242 isso,
488 4171 540 4238 ιιι.
578 4173 655 4228 Alios
678 4171 751 4226 iocos
774 4169 885 4224 aliarum
908 4177 1047 4241 poetarum
1071 4172 1179 4240 collegit
1196 4171 1241 4226 Fr.
1260 4170 1365 4226 Harder
1387 4171 1448 4238 (Die
1464 4171 1625 4241 Fragmente
1648 4170 1694 4225 des
1713 4171 1864 4226 Maecenas.
1887 4169 1979 4241 Progr.
1998 4173 2091 4230 Berlin

280 4259 344 4314 ists
356 4274 400 4328 pg.
415 4260 467 4328 18),
484 4273 595 4326 quorum
613 4258 694 4312 hosce
710 4257 763 4311 iam
780 4255 814 4310 ab
831 4255 976 4311 editoribus
994 4257 1118 4312 laudatos
1136 4273 1228 4312 rursus
1246 4271 1380 4325 apponere
1396 4257 1461 4311 mihi
1479 4257 1571 4311 liceat:
1589 4255 1682 4311 (ιιιιιιι
1701 4257 1743 4326 51,
1755 4257 1785 4312 5:
1802 4257 1890 4312 ‘dulce
1906 4257 2046 4314 ridentem
2056 4282 2091 4309 =

278 4340 342 4396 Hor.
357 4359 371 4396 ι
382 4341 395 4396 1
408 4342 450 4412 ιι,
468 4342 513 4400 ιιι
532 4341 620 4396 ‘dulce
636 4342 791 4412 ridentem’;
810 4341 905 4396 catull.
918 4343 960 4405 ιι,
973 4343 1067 4407 listi:
1086 4342 1207 4397 ‘multum
1224 4341 1298 4396 iilum
1310 4342 1395 4410 pueri,
1412 4341 1511 4396 multae
1524 4347 1649 4410 optavere
1662 4341 1768 4410 puellae
1781 4349 1833 4397 etc>
1845 4362 1880 4389 =
1892 4339 1967 4397 ond.
1980 4342 2090 4399 hictum.

278 4426 318 4482 ιιι
336 4427 447 4488 sessos:
471 4427 592 4482 ‘muitum
617 4426 691 4481 illum
714 4427 830 4495 iuvenes,
854 4427 953 4483 multae
975 4427 1081 4497 cupiere
1103 4427 1211 4497 pachae
1234 4431 1294 4481 ιιι)
1320 4457 1350 4466 -
1377 4425 1472 4480 Catuli.
1490 4429 1516 4495 8,
1541 4428 1585 4482 ll:
1610 4428 1717 4495 tperier,
1741 4427 1851 4482 obdura’
1869 4453 1904 4478 =
1920 4429 1985 4500 Hor.
2011 4445 2089 4485 serm.

275 4511 303 4568 11
321 4513 410 4582 quo:
435 4518 537 4582 ‘persta
559 4518 640 4582 atque
663 4511 776 4567 obdura>
790 4511 910 4568 :ovid
928 4513 1029 4568 Tristia
1053 4513 1078 4568 V
1098 4514 1137 4582 li,
1159 4515 1187 4567 ιι
1215 4511 1314 4581 ‘perier
1335 4518 1362 4566 et
1384 4511 1495 4567 obdura’
1509 4534 1543 4559 =
1556 4510 1631 4566 Orid.
1648 4509 1760 4566 Amores
1783 4513 1883 4583 11111,
1906 4499 1935 4568 7‘:
1962 4514 2091 4584 ‘perterre

276 4597 396 4653 obdura’.
434 4597 556 4666 Denique
579 4599 744 4654 notimimum
767 4597 833 4652 illud
851 4597 956 4654 Horatii
980 4598 1077 4667 ‘Exegi
1100 4605 1298 4653 monumentum
1321 4613 1383 4652 aere
1401 4597 1555 4666 perennius’
1574 4602 1616 4650 etc
1628 4617 1663 4644 =
1675 4595 1760 4651 Ouidii
1779 4599 1898 4667 ‘Iamque
1917 4616 1985 4669 opus
2003 4603 2090 4669 exegi,

277 4683 349 4752 quod
365 4697 415 4738 neo
433 4683 504 4738 lovis
521 4685 562 4739 ira
579 4700 629 4740 nec
647 4683 740 4738 imber²
761 4689 810 4738 etc.
829 4713 860 4725 -
880 4683 1033 4738 Macrobius
1052 4683 1159 4752 quidem
1183 4683 1215 4738 de
1232 4683 1280 4737 tali
1299 4683 1445 4738 imitatione
1463 4683 1602 4751 disputans
1624 4682 1678 4736 iam
1700 4681 1864 4751 alienigenas
1887 4690 1914 4738 et
1930 4684 2090 4740 domesticos

276 4775 369 4836 poetas
391 4768 564 4823 discreverat.
606 4769 650 4823 Ex
676 4769 870 4824 recentioribus
893 4771 937 4823 vix
959 4785 1119 4838 quemnam
1142 4769 1175 4824 de
1199 4769 1251 4824 huo
1271 4784 1301 4823 re
1319 4769 1470 4839 disputasse
1493 4767 1528 4821 ad
1550 4767 1619 4822 hunc
1638 4766 1708 4821 diem
1732 4767 1759 4820 in
1776 4768 1936 4839 universum,
1953 4768 2030 4823 valde
2050 4775 2091 4824 est

275 4852 377 4907 mirum
409 4853 483 4910 Unus
501 4853 546 4908 Fr.
559 4853 673 4922 Harder,
692 4857 812 4922 quirem
829 4853 881 4909 nisi
899 4855 992 4923 paucis
1010 4855 1147 4910 absolvere
1165 4869 1219 4909 non
1237 4859 1350 4923 poterat,
1369 4852 1443 4909 dicit:
1463 4853 1537 4908 <Mun
1556 4853 1648 4907 dnchte
1667 4851 1769 4906 damals
1783 4853 1849 4908 uber
1861 4853 1904 4909 ιιιι
1917 4853 2090 4923 Entlehnung

278 4949 377 5004 gamer
393 4937 478 4993 Versu
501 4955 570 5008 ganx
588 4939 683 4995 andero
701 4937 741 4994 als
756 4939 825 5008 jetzt
843 4979 849 4991 .
867 4979 874 4993 .
892 4979 899 4994 .
919 4981 924 4993 .
942 4939 992 4995 Boi
1010 4941 1084 4996 einer
1101 4939 1203 5010 Possis,
1221 4939 1304 4994 deren
1322 4937 1463 4994 Verdienst
1480 4937 1635 4993 resentiich
1651 4937 1819 4992 stilistischer
1837 4939 1872 5007 ιι)
1889 4938 1940 4992 Art
1956 4939 1999 5006 ist,
2017 4939 2091 4993 kann

276 5019 324 5075 das
347 5019 413 5076 oben
436 5023 580 5081 besondsrs
606 5025 680 5080 nicht
703 5023 838 5094 andellen,
865 5025 918 5079 und
942 5041 1038 5081 ansere
1064 5025 1345 5082 mittelhochdeutsche
1368 5023 1583 5092 Kunstdichtung
1609 5022 1696 5077 lieiert
1720 5023 1798 5078 datur
1820 5023 1863 5078 die
1887 5024 2090 5093 sublegendsten

273 5103 422 5173 maugier
447 5113 506 5163 etu’
534 5140 568 5152 -
594 5111 626 5166 ct
649 5111 716 5166 iiax
739 5110 766 5166 (ι.
790 5109 819 5165 Ρ.
844 5109 971 5180 Schmidt,
994 5111 1210 5168 Wochenschriit
1235 5109 1279 5166 ιιι
1304 5110 1386 5166 irlass.
1409 5109 1558 5178 Philologie
1584 5109 1648 5165 1889
1671 5123 1714 5180 pg.
1733 5110 1797 5165 453:
1825 5109 1891 5164 ‘Der
1917 5109 2021 5179 Begriti
2044 5109 2090 5168 des

271 5191 467 5248 litterarischon
489 5193 646 5262 bligsntums
670 5197 767 5252 mnhte
789 5197 936 5266 ehensogut
957 5203 1013 5251 erst
1030 5196 1160 5253 eriunden
1178 5195 1291 5266 werden,
1313 5196 1363 5252 ιιι
1381 5211 1411 5250 so
1429 5196 1497 5252 viele
1516 5193 1616 5251 andere
1633 5209 1684 5249 uns
1701 5195 1783 5265 roliig
1805 5194 1936 5265 geltuiigs
1952 5194 2088 5264 Begrlda.’

1016 5319 1021 5330 '
1854 5317 1871 5372 9
