4860 6048
1240 465 1282 530 76

1160 555 1362 566 -———...-

357 715 500 799 rigentur
521 708 592 795 agri
614 707 663 774 val
679 706 826 774 laventur
848 705 1001 770 animalia
1021 705 1111 772 iestis
1134 705 1259 773 diebus:
1284 708 1443 793 nymphae
1466 708 1551 775 enim
1575 710 1641 776 sine
1662 711 1787 794 piaculo
1810 737 1871 781 non
1887 725 2020 801 possunt
2034 721 2173 786 moreri'.

357 817 426 896 Quo
447 815 531 883 libro
553 813 658 878 Varro
680 809 741 876 boc
763 807 910 888 vetuerit,
933 808 1120 876 tenuissima
1142 813 1326 878 coniectura
1352 811 1461 878 nescio
1489 833 1531 878 an
1553 833 1770 896 assequamur,
1798 818 1875 901 qnia
1902 821 1934 886 in
1961 821 2054 889 libris
2082 822 2173 888 ‘divi-

358 941 471 988 narum
494 920 611 986 rerum’
634 936 707 981 eum
729 911 763 980 id
786 933 919 998 negasse
941 910 1015 978 inde
1036 911 1185 997 colligere
1206 914 1290 995 licet,
1314 915 1400 1000 quod
1416 913 1519 984 Servii
1542 915 1688 984 doctrina
1709 917 1751 984 ad
1773 918 1867 988 1315
1890 944 1929 989 ex
1954 924 2066 992 eodem
2088 925 2172 991 libro

357 1022 464 1104 lluxit3
488 1019 649 1106 Vergilius
671 1017 738 1084 Geo
761 1018 777 1082 Ι
800 1016 879 1083 315;
904 1016 1076 1083 ‘frumenta
1096 1016 1129 1082 in
1153 1016 1249 1083 viridi
1271 1019 1391 1104 stipula
1412 1019 1565 1087 lactentia
1587 1025 1726 1105 turgent’
1750 1027 1783 1089 ot
1797 1021 1940 1093 Servius:
1964 1031 2051 1094 ‘sane
2067 1027 2172 1095 Varro

359 1127 392 1194 in
414 1126 506 1194 libris
528 1125 708 1190 divinarum
731 1122 817 1204 dicit,
841 1120 937 1188 deum
952 1143 1022 1189 esse
1036 1121 1235 1205 Lactantem,
1259 1123 1315 1209 qui
1338 1146 1372 1192 se
1387 1124 1527 1192 infundit
1542 1124 1703 1210 segetibus
1725 1132 1758 1194 et
1780 1129 2171 1215 000100111001000000’,·)

359 1231 474 1316 quibus
496 1230 575 1296 locis
598 1250 617 1294 a
639 1227 785 1294 Varrone
806 1233 902 1312 poeta
924 1225 1080 1292 dissentit.

510 1331 674 1412 Quomodo
696 1335 805 1396 nutem
827 1331 860 1394 in
883 1351 919 1396 re
940 1329 1149 1414 grammatica
1171 1329 1257 1412 quod
1279 1331 1396 1398 attinet
1417 1331 1460 1397 ad
1482 1355 1572 1400 usum
1589 1336 1789 1420 quorundam
1812 1336 2046 1416 vocabulorum,
2070 1337 2172 1404 Varro

360 1447 394 1506 et
416 1437 576 1523 Vergilius
609 1435 694 1500 inter
727 1455 760 1499 se
794 1433 986 1518 discrepent,
1021 1439 1057 1498 01
1089 1433 1313 1518 perspiciatur,
1348 1434 1515 1502 nonnullas
1551 1436 1653 1505 Servii
1685 1440 1909 1508 adnotationes
1942 1462 2173 1526 expromamus.

360 1545 388 1609 A
411 1541 613 1610 Varroniano
635 1559 780 1605 sermone
805 1542 899 1622 poeta
929 1535 1065 1604 discedit
1085 1538 1119 1602 in
1147 1561 1207 1605 usu
1228 1538 1363 1622 generis,
1393 1537 1433 1606 de
1455 1561 1518 1622 quo
1541 1541 1696 1610 Reatinus
1718 1543 1870 1611 disseruit
1897 1545 1929 1611 in
1956 1544 2039 1611 libro
2062 1543 2108 1610 XI
2136 1544 2177 1611 de

359 1649 469 1732 lingua
491 1646 593 1712 latina
616 1643 669 1718 101.
693 1641 881 1709 Willmanns
904 1661 954 1726 pg.
982 1642 1129 1725 151),01.
1155 1641 1286 1710 1100111
1312 1645 1326 1707 1
1353 1643 1408 1709 ‘Te
1430 1666 1566 1729 quoque,
1589 1669 1705 1732 magna
1720 1647 1813 1716 Pales
1837 1697 1843 1712 .
1870 1699 1876 1713 .
1902 1698 1908 1711 .
1934 1652 1941 1678 '
1965 1653 1998 1715 et
2013 1648 2174 1716 Serrium:

362 1753 455 1817 ‘hane
480 1747 641 1834 Vergilius
662 1767 779 1833 genere
804 1745 954 1813 feminino
976 1746 1128 1830 appellat,
1152 1746 1218 1826 alii,
1241 1747 1326 1813 inter
1347 1767 1426 1830 quos
1448 1747 1562 1829 Varro,
1585 1750 1778 1831 masculino',
1802 1752 1840 1817 01.
1858 1751 1986 1818 Scholia
2001 1751 2177 1820 Bernensia

362 1856 404 1923 ad
425 1855 455 1924 h.
478 1855 511 1932 l.,
545 1852 641 1919 simili
668 1851 763 1918 modo
791 1849 897 1918 Geel
923 1853 998 1918 183:
1035 1854 1130 1937 ‘capti
1158 1852 1287 1937 talpae‘,
1317 1853 1365 1918 III
1394 1855 1456 1919 539
1486 1854 1601 1921 ‘timidi
1630 1854 1821 1938 (10000000.)
1871 1855 1971 1922 Porro
2000 1855 2174 1942 ‘ingluvies’

361 1959 548 2026 vocabulum
577 1963 673 2042 poeta
699 1955 831 2022 adhibet
859 1976 921 2021 non
948 1957 1080 2039 propria
1107 1956 1251 2036 notione,
1278 1978 1375 2040 quam
1398 1957 1502 2026 Varro
1530 1959 1644 2026 statuit
1671 1959 1710 2025 01.
1740 1959 1807 2028 Geo
1835 1958 1883 2025 Ill
1915 1961 1994 2026 431:
2025 1960 2178 2045 ‘ripisque

362 2061 512 2129 habitans
534 2060 586 2126 hic
608 2059 747 2144 piscibus
769 2065 874 2128 atram
895 2057 1064 2142 improbus
1088 2058 1168 2142 (scil.
1193 2059 1318 2143 anguis)
1342 2059 1544 2145 ingluviem.
1570 2113 1576 2127 .
1602 2113 1609 2127 .
1633 2063 1750 2148 explet'
1775 2069 1807 2129 et
1836 2061 1940 2130 Sera:
1965 2114 1972 2129 .
1997 2115 2004 2128 .
2030 2114 2037 2127 .
2062 2063 2178 2130 ‘Varro

362 2167 405 2234 ad
429 2166 613 2232 Ciceronem
634 2165 669 2230 in
690 2163 773 2230 libro
796 2162 907 2230 XXIII
929 2162 1084 2245 ingluvies
1106 2163 1179 2244 tori,
1213 2163 1327 2246 inquit,
1362 2169 1436 2230 sunt
1466 2167 1551 2233 circa
1573 2166 1690 2252 gulam,
1714 2168 1770 2252 qui
1792 2172 1925 2252 propter
1953 2166 2177 2251 pinguedinem

362 2270 443 2336 finnt
468 2273 567 2354 atque
594 2268 777 2335 interiectas
804 2267 925 2334 babent
950 2289 1056 2354 rugas.
1102 2265 1164 2335 Sed
1191 2290 1274 2335 nunc
1301 2292 1360 2354 pro
1387 2271 1463 2355 gula
1490 2273 1649 2357 positum'.
1659 2273 1683 2354 ³)
1729 2273 1808 2339 Aliis
1837 2293 1912 2338 raro
1945 2270 2024 2337 locis
2047 2269 2176 2338 Servius

362 2375 476 2459 nugari
494 2372 630 2454 videtur,
653 2371 691 2438 cl.
707 2370 774 2438 Geo
789 2371 835 2437 IV
850 2373 928 2440 265:
954 2373 1122 2458 ‘mellaque
1138 2372 1322 2442 arundineis
1343 2375 1463 2444 inferre
1484 2377 1658 2445 0000111000>
1682 2382 1716 2444 01
1730 2376 1834 2444 Sera:
1860 2375 1975 2442 ‘Varro
1998 2374 2176 2442 diuinarum

361 2479 447 2546 libro
469 2478 514 2544 VI
543 2477 679 2544 ‘canales
707 2497 762 2542 aas
791 2476 960 2561 dipescit⁴)
988 2477 1117 2563 templa'
1146 2477 1297 2546 feminino
1324 2502 1441 2563 genere
1468 2481 1596 2550 canales
1624 2481 1726 2560 dixit',
1755 2489 1791 2548 at
1817 2503 1856 2548 ex
1878 2480 2012 2565 Vergilii
2034 2478 2177 2546 versibus

362 2582 403 2648 de
418 2603 496 2649 sexu
511 2581 649 2648 ‘canalis'
667 2579 811 2646 vocabuli
825 2580 904 2646 nihil
920 2579 1108 2647 concludere
1129 2603 1305 2665 possumus.
1341 2582 1453 2669 Neque
1475 2585 1574 2651 nimia
1595 2585 1676 2652 fides
1705 2584 1812 2652 danda
1839 2591 1888 2651 est
1916 2581 2114 2650 adnotationi
2134 2582 2177 2649 ad

364 2686 433 2753 Geo
456 2685 472 2750 I
497 2688 558 2752 150
582 2685 643 2768 (‘ut
663 2683 749 2750 mala
771 2683 890 2750 culmos
913 2683 1009 2751 Esset
1030 2684 1181 2769 robigo’):
1217 2685 1284 2752 ‘sed
1316 2686 1396 2753 baec
1429 2709 1480 2754 000
1503 2689 1633 2755 ahmins
1655 2689 1766 2774 robigo
1788 2688 1916 2767 dicitur,
1950 2709 2024 2754 nam
2047 2689 2177 2773 proprie

364 2789 476 2876 robigo
510 2795 568 2870 est,
602 2795 640 2853 nt
661 2786 766 2854 Varro
800 2786 888 2867 dicit,
921 2789 1033 2854 vitium
1067 2786 1221 2854 obscenae
1253 2787 1405 2868 libidinis,
1439 2790 1525 2874 quod
1558 2792 1648 2860 ulcus
1682 2792 1811 2859 (1101100>
1834 2791 1873 2858 cf.
1897 2790 2001 2858 Schol.
2025 2791 2175 2859 Bernens

365 2897 484 2964 Tamen
507 2895 593 2981 apud
617 2895 793 2961 Varronem
822 2897 927 2979 ipsum
950 2893 1100 2961 ‘abusive'
1129 2893 1188 2960 hoc
1209 2893 1398 2961 vocabulum
1426 2895 1546 2962 dietum
1576 2903 1634 2976 est,
1663 2895 1703 2962 de
1730 2895 1840 2981 bngua
1865 2894 1968 2962 latina
1989 2895 2053 2979 (ed.
2077 2895 2176 2962 Andr.

366 3001 503 3087 Spengel
528 3000 624 3077 1885)
650 2998 694 3064 VI
721 3001 758 3064 16
793 2998 972 3084 ‘Robigalia
1005 2997 1093 3064 dicta
1126 2998 1167 3064 ab
1201 2997 1338 3084 Robig03
1371 2999 1543 3066 secundum
1576 3005 1699 3086 segetes
1732 3000 1807 3066 huic
1830 2999 1890 3066 deo
1912 2999 2114 3066 sacrificatur
2136 3022 2176 3064 ue

364 3105 476 3190 robigo
498 3109 632 3190 occupet
646 3107 788 3188 segetes’.
823 3100 861 3168 01.
886 3102 926 3169 de
947 3125 973 3168 r.
997 3125 1023 3168 r.
1047 3101 1063 3166 I
1088 3107 1115 3182 1,
1132 3104 1161 3168 6.
1173 3103 1196 3185 ⁵)
1221 3102 1385 3168 Postremo
1406 3109 1502 3187 poeta
1524 3125 1614 3172 voees
1630 3102 1786 3189 quasdam
1808 3123 1900 3169 raras
1922 3109 1955 3169 et
1977 3101 2179 3170 oblitteratas

366 3231 449 3294 quae
471 3231 492 3275 0
514 3209 658 3275 Varrone
681 3229 744 3274 non
768 3207 892 3274 allenae
914 3213 998 3288 sunt,
1021 3205 1180 3292 repudiat,
1204 3211 1241 3272 ut
1264 3211 1489 3289 1000000000,
1513 3229 1584 3275 cum
1601 3208 1669 3274 Geo
1691 3207 1738 3273 Ill
1761 3209 1824 3275 446
1841 3205 1882 3273 do
1896 3207 1997 3274 ariete
2020 3207 2177 3291 loquitur:

367 3313 512 3399 ‘udisque
534 3313 620 3380 aries
642 3313 674 3378 in
702 3312 828 3397 gurgite
850 3311 933 3379 villis
956 3311 1117 3379 Mereatur
1141 3362 1148 3376 .
1173 3363 1179 3377 .
1206 3364 1212 3378 .
1238 3317 1244 3344 '
1269 3313 1305 3379 01
1329 3311 1432 3380 Sera:
1468 3316 1673 3380 ‘musmonem
1696 3311 1773 3379 dicit
1795 3309 1906 3378 ducem
1935 3313 2056 3396 gregis,
2084 3332 2179 3394 quern

366 3421 414 3486 ita
429 3425 462 3487 et
477 3417 581 3484 Varro
604 3420 839 3482 commemorat
863 3416 902 3482 01.
927 3415 1030 3484 Schol.
1055 3416 1216 3497 Barnous,
1241 3416 1289 3484 vel
1312 3438 1384 3483 cum
1406 3415 1505 3486 GeoI
1531 3416 1763 3502 reelegimus:
1789 3416 1997 3501 ‘populatque
2019 3415 2179 3499 ingentem

366 3525 464 3590 farris
487 3543 636 3589 acervum
660 3518 809 3586 Curculio
833 3569 839 3583 .
863 3569 871 3585 .
897 3523 939 3602 ’⁶)
963 3521 1001 3588 ef.
1025 3519 1127 3588 Sera:
1161 3520 1275 3586 ‘Varro
1303 3522 1350 3586 ait
1377 3520 1438 3588 boc
1460 3542 1575 3588 nomen
1596 3541 1655 3606 per
1681 3519 1901 3588 antistoechon
1929 3517 2059 3598 dietum,
2088 3519 2181 3602 quasi

369 3627 516 3714 gurgulio
539 3625 688 3710 quoniam
712 3644 813 3708 paene
836 3623 915 3689 nihil
938 3630 987 3691 est
1008 3625 1069 3691 nisi
1085 3629 1204 3710 guttur’
1228 3623 1266 3690 cl.
1279 3623 1383 3690 Sobel.
1400 3625 1560 3706 Barnous,
1577 3623 1725 3691 similiter
1740 3623 1825 3709 quod
1847 3624 1912 3690 ianr
1933 3643 2033 3707 supra
2047 3641 2183 3688 comme-

369 3732 572 3810 moravimus,
600 3729 755 3795 Varronis
786 3729 984 3812 ‘apiastrum'
1014 3729 1073 3813 (IV
1102 3730 1158 3812 63)
1192 3749 1254 3795 000
1282 3729 1314 3795 10
1342 3751 1434 3796 usum
1462 3736 1555 3796 vocat
1582 3750 1640 3795 nec
1668 3727 1789 3795 ‘cilicia’
1819 3727 1984 3810 (111313ι
2012 3731 2182 3810 saetasque

369 3835 523 3903 comantis
540 3834 638 3902 Usum
661 3833 694 3898 in
716 3835 919 3914 castrorum’)
944 3833 983 3899 01.
1007 3832 1110 3900 Sera:
1135 3837 1178 3899 ‘et
1192 3833 1302 3900 aliter:
1327 3855 1418 3900 usum
1441 3835 1473 3899 in
1496 3840 1683 3910 castrorum,
1706 3831 1791 3916 quod
1813 3830 1888 3898 inde
1910 3836 2070 3896 tormenta
2092 3829 2179 3908 fiunt,

369 3943 509 4024 itemque
533 3936 647 4018 cilicia,
657 3937 680 4020 ⁷)
708 3957 791 4020 qnae
818 3935 927 4002 Celsus
956 3937 1002 4002 ait
1029 3936 1178 4005 retulisse
1199 3935 1271 4002 ideo
1293 3937 1340 4002 sic
1363 3937 1531 4022 appellari,
1555 3935 1641 4020 quod
1663 3957 1739 4002 usus
1761 3955 1869 4001 eorum
1898 3935 1931 3999 in
1953 3933 2066 4001 Cilicia
2094 3939 2182 3999 ortus

526 4146 544 4212 1)
562 4143 594 4198 cl
614 4141 726 4210 Merkel,
749 4141 832 4211 praei.
856 4142 882 4194 10
901 4139 987 4196 Ovidii
1005 4141 1088 4198 fastos
1107 4157 1149 4211 pg.
1171 4142 1226 4209 117,
1250 4141 1294 4196 011
1314 4141 1395 4197 rerba
1418 4141 1599 4196 attribuuntur
1615 4141 1688 4207 ,libro
1712 4137 1911 4210 quartodecimo
1930 4137 2058 4193 Varronis
2083 4143 2180 4190 ‘reruni

370 4231 536 4286 divinarum.)

521 4329 1125 4400 2)01.1100.000012’10001010011000001
1153 4329 1198 4384 ubi
1222 4329 1319 4384 ‘dama‘
1346 4329 1453 4385 exbibet
1479 4345 1561 4398 genus
1580 4328 1740 4396 femininum,
1768 4343 1821 4382 non
1849 4326 2031 4392 masculinnm,
2059 4329 2088 4378 01
2111 4321 2182 4391 apud

371 4417 510 4485 aequalem
529 4422 648 4486 poctam3
666 4415 698 4469 cl.
718 4418 790 4469 Serv.
809 4415 844 4470 ad
862 4415 953 4470 Bucol.
968 4415 1033 4470 Vlll
1053 4417 1085 4469 28
1104 4423 1130 4470 01
1149 4414 1250 4470 henv
1272 4414 1326 4469 122.

522 4521 546 4586 1)
564 4520 597 4574 cl.
617 4519 776 4573 Willmanns
794 4535 836 4588 pg.
859 4521 914 4583 lei,
934 4518 978 4574 ubi
998 4527 1103 4574 exstant
1121 4519 1147 4573 in
1166 4518 1233 4573 libro
1252 4515 1318 4571 Xlll
1338 4517 1426 4586 operis
1446 4517 1489 4572 <de
1507 4516 1598 4586 lingna
1616 4514 1708 4572 latinn’
1728 4515 1857 4584 inscripti.

523 4622 547 4688 4)
565 4621 655 4677 Verba
676 4628 803 4691 corrupta
821 4622 891 4693 apud
910 4621 1012 4676 Merkel
1032 4621 1047 4674 1.
1067 4620 1083 4674 1.
1102 4637 1144 4690 pg.
1166 4619 1226 4685 1¹24,
1248 4633 1334 4685 nequo
1352 4621 1440 4672 minus
1458 4617 1604 4687 depravata
1622 4625 1662 4672 est
1680 4617 1763 4670 Scrrii
1781 4615 1918 4670 adnotatio
1936 4614 1970 4669 nd
1990 4613 2077 4684 Gcol
2096 4613 2128 4664 in
2149 4609 2182 4662 de

372 4708 416 4761 ala
435 4706 620 4774 0010001010,
639 4708 671 4761 cl.
691 4707 768 4763 Thilo
786 4708 821 4762 ad
838 4708 864 4762 b.
884 4708 900 4762 l.
921 4714 947 4761 01
965 4705 1125 4760 Willmanns
1144 4703 1187 4769 ide
1205 4703 1242 4757 111.
1256 4701 1372 4756 Terentii
1394 4703 1522 4758 Varronis
1540 4703 1613 4757 libris
1632 4701 1811 4770 grammaticis
1830 4699 1919 4754 berlin
1942 4701 2015 4764 18111)
2033 4713 2075 4766 pg.
2093 4696 2148 4750 170.

525 4809 547 4876 ⁵)
566 4807 667 4863 Eadem
686 4809 792 4864 notione
810 4807 880 4878 apud
900 4809 964 4864 llor.
983 4825 1063 4864 carm.
1083 4808 1122 4864 111
1142 4810 1183 4878 23,
1201 4811 1216 4860 7
1237 4814 1295 4862 ‘nec
1315 4808 1431 4862 sterilem
1451 4825 1526 4877 seges
1545 4807 1719 4876 Robiginem.'

525 4913 546 4980 1)
564 4910 598 4965 01
611 4910 771 4966 Willmanns
794 4926 837 4981 pg.
851 4911 901 4967 223
920 4912 1095 4980 fragmentum
1108 4917 1246 4966 enumerat
1258 4915 1421 4978 postremum
1437 4910 1486 4965 sub
1499 4908 1673 4978 inscriptione
1692 4906 1818 4962 ‘incertae
1831 4902 1926 4972 sedis‘3
1944 4902 1977 4956 de
1996 4900 2184 4956 ‘ardemanno’

372 4995 432 5050 ride
450 4995 570 5050 eundern.

526 5099 547 5167 7)
566 5096 598 5150 ci
618 5097 756 5167 CiceroiIn
775 5097 886 5154 Verrem
905 5097 931 5153 lI
954 5099 974 5166 l,
997 5097 1029 5154 di
1053 5103 1079 5152 et
1101 5098 1244 5155 Asconium
1268 5096 1302 5152 ad
1325 5096 1350 5150 h.
1370 5096 1394 5164 1.,
1419 5097 1475 5152 biv.
1494 5094 1647 5164 XXXVIII,
1671 5093 1685 5146 7
1712 5099 1790 5148 ‘nuno
1815 5090 1909 5147 ciliciis
1931 5087 2090 5162 praetentis,
2118 5101 2187 5141 nunc

372 5182 474 5238 loribus
493 5183 588 5254 000110
607 5182 736 5238 obiectis)
