4860 6048
1187 501 1227 564 77

1105 587 1304 597 --—-....

301 751 350 816 sit'
382 748 419 813 ci.
452 745 554 811 Varro
583 766 607 807 r.
637 765 664 806 r.
695 740 742 805 111
774 744 822 820 ll,
856 743 909 804 12:
939 737 1121 816 tondentur,
1152 740 1237 823 quod
1260 741 1383 824 magnis
1412 738 1495 804 villis
1524 745 1606 819 sunt,
1630 740 1663 802 in
1686 760 1802 820 inagna
1824 743 1918 820 parte
1946 736 2116 820 Phrygiae,

302 851 384 918 unde
420 848 526 915 cilicia
554 851 588 914 et
616 850 725 911 cetera
746 845 815 911 eins
838 842 965 928 generis
988 842 1092 908 solent
1113 841 1193 911 fieri.
1239 844 1358 913 Eodem
1380 841 1475 908 modo
1497 863 1556 925 pro
1579 840 1757 922 ‘tabano',¹)
1781 841 1908 925 saepius
1930 863 1951 906 a
1973 839 2118 906 Varrone

307 959 471 1039 usurpato,
495 957 532 1018 ut
553 972 578 1015 r.
602 969 628 1014 r.
657 947 689 1012 Il
713 951 743 1028 5,
769 951 818 1026 14,
842 952 939 1032 poeta
961 945 1040 1012 dicit
1060 949 1221 1028 ‘oestrum
1245 950 1377 1034 οἶστρον
1398 947 1437 1013 cf.
1460 945 1547 1013 Serv.
1572 943 1622 1010 ad.
1644 944 1674 1010 h,
1695 943 1715 1009 1.
1762 943 1877 1022 Qualia
1903 951 1940 1010 ut
1966 943 2120 1017 vocabula

301 1037 428 1136 vitaret,
452 1053 628 1137 Vergilium
650 1053 785 1117 metrica
807 1051 933 1117 ratione
955 1049 1131 1117 identidem
1153 1057 1343 1119 commotum
1368 1073 1447 1132 esse,
1469 1050 1540 1117 luce
1563 1054 1612 1116 est
1634 1048 1760 1115 clarius.
1785 1088 1827 1096 —

456 1260 519 1327 Sed
539 1261 604 1327 iarn
622 1259 775 1339 subsist03
799 1279 932 1343 sperans
947 1257 1016 1326 fore
1036 1265 1072 1324 ut
1087 1281 1127 1325 ex
1142 1257 1275 1342 singulis
1297 1259 1571 1325 commentationis
1593 1256 1739 1342 partibus
1762 1255 1930 1341 unicuique
1951 1261 2118 1341 appareat,

297 1367 392 1452 quale
421 1363 601 1449 exemplum
628 1360 731 1428 Varro
760 1361 858 1428 fuerit
885 1359 1038 1445 Vergilia,
1069 1367 1241 1445 utrumque
1271 1362 1527 1446 comparantium
1555 1362 1614 1428 hoc
1643 1384 1660 1427 e
1687 1361 1841 1428 memoria
1869 1361 1984 1426 cadere
1999 1358 2118 1440 nolim,

300 1476 438 1557 poetam,
461 1467 516 1534 ubi
539 1466 716 1534 Varronem
737 1470 936 1550 sequeretur,
960 1466 1087 1548 saepius
1110 1486 1145 1530 se
1165 1465 1331 1533 addixisse
1355 1466 1497 1548 Graecis,
1521 1465 1574 1531 ubi
1591 1465 1785 1532 Graecorum
1801 1465 1935 1549 vestigia
1950 1469 2118 1548 premeret,

299 1573 458 1642 interdum
481 1591 544 1636 non
566 1592 606 1637 ex
629 1571 675 1636 eis
697 1571 776 1654 ipsis
798 1569 1008 1635 arcessivisse
1031 1568 1220 1650 doctrinam,
1248 1568 1305 1635 sed
1328 1571 1391 1636 iarn
1414 1591 1434 1634 a
1456 1568 1665 1654 popularibus
1687 1567 1938 1636 commendatam
1963 1573 1995 1634 ot
2017 1573 2120 1632 trans·

299 1680 415 1756 latam,
450 1697 525 1740 nam
553 1679 589 1740 ut
617 1671 769 1740 Varronis
798 1673 927 1739 Atacini
954 1693 1068 1756 poema
1102 1672 1154 1756 (cf.
1185 1673 1271 1740 Serv.
1306 1673 1349 1740 ad
1377 1672 1482 1740 Geel
1511 1675 1574 1740 375
1608 1679 1641 1738 et
1668 1672 1716 1737 W.
1741 1671 1893 1753 Ribbeck,
1927 1670 1991 1736 ind.
2020 1673 2118 1749 auct.)

301 1781 476 1866 Vergilium
510 1778 552 1846 ad
581 1781 725 1860 Aratum,
760 1779 903 1864 Hyginus
936 1779 1005 1862 ipse
1038 1777 1080 1843 ad
1108 1775 1306 1842 Nicandrum
1334 1776 1435 1858 duxit,
1469 1779 1517 1845 ita
1550 1775 1706 1844 Varronis
1734 1777 1860 1844 Reatini
1895 1797 1993 1860 opera
2022 1774 2050 1839 ei
2078 1773 2120 1839 ad

303 1883 527 1952 Eratosthenis
549 1881 648 1949 libros
671 1881 860 1950 evolvendos
882 1903 994 1949 ansam
1017 1881 1144 1950 dedisse
1166 1880 1322 1949 videntur.
1345 1920 1388 1930 -

451 1985 715 2070 Quandoquidem
741 1991 850 2054 autem
877 2007 1069 2072 magnopere
1097 1986 1274 2054 timendum
1302 1993 1360 2066 est,
1395 2010 1435 2053 ne
1468 1983 1764 2054 lucubratiunculae
1798 2008 1887 2053 meae
1917 2007 1988 2052 cum
2016 1985 2119 2053 oleum

301 2102 368 2162 tum
390 2095 616 2179 antiquitatem
639 2093 732 2158 nimis
755 2092 936 2160 redolentes
964 2091 1106 2159 taedium
1140 2091 1318 2176 legentibus
1339 2094 1477 2177 pariant,
1501 2113 1604 2177 pauca
1626 2089 1794 2176 quaedam,
1818 2093 2004 2175 priusquam
2026 2089 2119 2157 finem

302 2200 427 2278 faciam,
455 2198 497 2264 ad
521 2196 676 2263 Varronis
699 2203 732 2262 et
755 2196 888 2282 Vergilii
911 2218 991 2281 opus
1013 2194 1239 2262 illustrandum
1261 2197 1294 2262 in
1316 2197 1497 2264 universum
1521 2196 1687 2282 disputare
1708 2196 1812 2262 liceat.
1861 2194 1943 2260 Nam
1966 2194 2121 2278 Georgica

303 2305 492 2388 quicumque
507 2307 619 2387 aperto
635 2307 763 2385 pectore
778 2300 1031 2386 perlustraverit,
1056 2301 1085 2366 ei
1101 2300 1258 2384 imprimis
1273 2299 1401 2384 placere
1423 2307 1519 2384 atque
1542 2299 1686 2366 arridere
1707 2297 1971 2364 adseveravcrim.
2009 2296 2121 2381 Neque

302 2409 386 2474 enim
412 2407 517 2472 inanis
544 2405 713 2472 verborum
742 2407 865 2472 sonitus
893 2425 952 2470 nec
979 2403 1077 2469 nimia
1105 2403 1272 2469 exornatio
1301 2424 1339 2470 ex
1368 2403 1485 2470 fabulis
1513 2403 1615 2487 petita
1643 2425 1700 2470 nec
1721 2403 1869 2488 pavium,
1888 2401 2122 2468 tumidarumve

303 2513 534 2578 sententiarum
553 2508 686 2594 pondus,
710 2530 794 2592 qnae
816 2509 895 2576 vitia
917 2509 950 2575 in
974 2515 1115 2576 veterum
1138 2507 1331 2576 carminibus
1354 2515 1390 2574 ut
1413 2511 1445 2576 in
1469 2507 1608 2574 Aeneide
1631 2529 1694 2573 non
1716 2507 1875 2572 immerito
1897 2527 1993 2590 saepe
2015 2527 2122 2590 reprc-

305 2613 498 2692 handuntnr,
513 2610 642 2678 laudem
658 2617 692 2678 et
705 2613 840 2697 gloriam
856 2613 966 2678 rustici
982 2611 1138 2697 poematis
1152 2611 1352 2693 imminuunt,
1367 2611 1424 2678 sed
1440 2611 1615 2698 Georgicis,
1632 2613 1708 2695 quia
1719 2631 1771 2677 res
1786 2611 1874 2694 ipsae
1890 2609 2121 2690 deseribuntur,

304 2717 414 2785 subest
447 2715 592 2783 verevis
626 2721 659 2782 et
681 2723 799 2783 natura
821 2716 887 2796 illa,
916 2737 1000 2800 quae
1022 2721 1205 2781 nostrorum
1230 2716 1365 2799 poeticis
1387 2715 1511 2801 legibus
1534 2715 1729 2800 postulatum
1759 2715 1866 2780 omnia
1888 2713 1989 2780 fluunt
2010 2713 2043 2778 in
2066 2714 2121 2795 eis,

305 2826 480 2904 moventur,
503 2821 621 2901 vivunt,
646 2820 753 2887 omnia
774 2819 895 2887 babent
917 2840 979 2885 non
1002 2821 1105 2885 minus
1128 2819 1291 2904 sanguinis
1313 2826 1347 2885 et
1369 2821 1474 2886 carnis
1496 2841 1592 2903 quam
1615 2839 1783 2886 nervorum
1806 2823 1839 2882 et
1860 2817 2063 2896 lacertorum,
2086 2823 2123 2882 nt

305 2930 358 2992 vix
392 2925 491 2992 ullum
525 2946 652 2992 carmen
686 2923 821 2992 latinum
855 2925 991 2992 arbitrio
1025 2925 1075 2990 his
1108 2923 1220 2991 diebus
1254 2925 1504 2992 existimantium
1533 2923 1635 3007 magis
1663 2921 1850 2989 satisfaciat.
1898 2921 2002 3000 Quid?
2036 2920 2122 3005 quod

305 3029 487 3114 praedicem
511 3035 543 3097 et
564 3029 702 3108 laudem,
726 3035 849 3113 quanta
872 3035 1037 3096 venustate
1060 3036 1093 3096 et
1114 3031 1308 3097 amoenitate
1330 3031 1467 3098 materia
1489 3051 1548 3115 per
1570 3051 1603 3095 se
1626 3028 1718 3095 exilis
1739 3035 1771 3095 et
1785 3029 1893 3095 ieiuna
1907 3029 1949 3094 sit
1963 3027 2123 3114 perpolita

305 3141 339 3200 et
366 3134 460 3218 qnasi
486 3131 637 3217 perfusa?
666 3132 744 3216 qnid
773 3131 878 3200 dicam
906 3136 939 3199 in
963 3133 1138 3218 Georgicis,
1161 3133 1277 3217 quibus
1299 3139 1520 3218 argvunentum
1544 3139 1609 3199 tarn
1638 3131 1764 3199 aridum
1791 3137 1959 3211 tractatur,
1988 3132 2122 3198 inveniri

307 3237 387 3304 nihil
410 3238 477 3304 lere
499 3235 586 3316 duri,
616 3235 753 3318 horridi,
782 3236 956 3304 inconditi?
990 3239 1071 3317 Quin
1100 3239 1213 3320 etiam,
1236 3238 1381 3323 quisquis
1410 3237 1576 3305 Mantuani
1602 3259 1729 3304 carmen
1756 3235 1949 3304 didacticum
1975 3239 2123 3322 opinione

307 3364 369 3409 non
391 3339 611 3426 praeiudicata
634 3339 764 3424 legerit,
794 3341 821 3407 is
847 3343 958 3426 procul
988 3341 1084 3410 dubio
1108 3342 1237 3423 sentiet,
1266 3350 1464 3426 quantopere
1493 3341 1585 3409 multi
1614 3363 1724 3408 versus
1754 3343 1872 3426 quippe
1896 3341 2010 3426 quibus
2032 3362 2122 3408 amor

308 3453 441 3513 naturae
463 3451 496 3510 et
518 3442 711 3510 desiderium
733 3444 913 3513 solitudinis
935 3449 1091 3513 montium
1114 3445 1329 3531 silvarumque
1352 3445 1453 3530 spiret
1475 3452 1508 3511 et
1529 3445 1652 3526 ardeat,
1681 3451 1789 3511 nostro
1815 3444 1931 3512 iudicio
1947 3445 2122 3512 aestheticc

309 3551 511 3630 conveniant3
535 3569 637 3614 nonne
660 3570 769 3616 versus
785 3550 926 3618 1113362
951 3551 1037 3618 ‘solis
1059 3551 1101 3618 ad
1124 3573 1280 3632 occasum,
1304 3573 1376 3618 cnm
1391 3550 1526 3637 frigidus
1541 3553 1619 3617 aira
1640 3570 1752 3633 vesper
1776 3547 1947 3633 Temperat
1968 3555 2001 3616 et
2022 3549 2123 3616 saltus

313 3655 416 3723 reficit
437 3657 501 3720 iam
525 3651 650 3720 roscida
671 3653 747 3720 luna
762 3654 936 3741 Litoraque
951 3657 1116 3742 alcyonem
1134 3661 1294 3735 resonant,
1318 3655 1524 3723 acalanthida
1539 3655 1676 3738 dumi‘,²)
1699 3655 1798 3722 cuivis
1813 3656 1957 3740 quamvis
1971 3655 2125 3723 teretibus

312 3759 443 3827 auribus
465 3757 612 3844 praedito
635 3779 737 3843 aeque
765 3767 880 3827 sonant
908 3784 949 3828 ac
974 3761 1035 3828 loci
1063 3763 1120 3845 qui
1148 3759 1296 3827 dicuntur
1323 3762 1493 3828 romentini
1519 3760 1604 3846 apud
1633 3765 1745 3846 poetas
1772 3760 1952 3844 nostros?³)
1996 3760 2122 3826 Horatii

309 3863 406 3931 illud:
433 3861 540 3928 ‘Molle
562 3867 661 3946 atque
684 3864 821 3930 facetum
846 3863 986 3950 Vergilio
1014 3866 1196 3934 adnuerunt
1215 3865 1389 3950 gaudentes
1416 3888 1490 3933 rure
1519 3867 1685 3932 Camenae'
1715 3862 1859 3930 omnibns
1887 3862 1983 3930 hodie
2004 3864 2124 3950 optimc

309 3991 379 4036 mre
403 3972 567 4121 conditdbm
600 4055 702 4138 magis
736 4077 832 4140 quam
866 4057 1075 4124 Mantuannm
1108 4057 1276 4142 legendum
1302 4059 1485 4143 ¹proponam
1519 4059 1697 4124 Reatinum.
1750 4053 1910 4121 Nonnulla
1938 4054 2024 4141 apud
2052 4077 2124 4121 eum

311 4164 449 4237 exstant,
472 4177 554 4241 qnae
576 4156 619 4224 ad
641 4162 816 4227 sententias
839 4163 1049 4228 recentiorum
1072 4161 1297 4228 accomodatas
1320 4163 1396 4242 sint3
1426 4168 1462 4227 ut
1477 4163 1622 4228 omittam
1645 4181 1740 4243 quam
1763 4159 1795 4224 in
1818 4159 1931 4242 patri-is
1953 4158 2069 4226 fabulis
2092 4167 2124 4226 et

315 4316 565 4324 -——-----—-

468 4360 484 4430 ¹)
502 4359 581 4428 Apud
604 4361 750 4416 Varronem
769 4379 789 4416 r.
808 4379 828 4418 r.
848 4363 916 4432 115,
939 4368 968 4420 14
987 4371 1103 4424 occurrit
1127 4365 1260 4425 ‘tatinus‘
1286 4367 1455 4434 vocabulum;
1483 4369 1583 4433 <itaque
1606 4364 1677 4433 quod
1701 4381 1746 4419 eas
1764 4369 1863 4420 aestate
1882 4363 1972 4418 tabani
1990 4365 2123 4419 concitare

315 4444 418 4498 solent)
455 4445 545 4500 Asculi
565 4445 773 4502 Mediolanensis
791 4447 896 4512 (Kuhns
915 4451 1044 4507 Zeitscbr.
1064 4452 1179 4508 xl1435
1198 4461 1265 4524 sqq.³
1286 4455 1337 4506 tria
1355 4451 1419 4506 baec
1438 4449 1580 4505 vocabula:
1599 4452 1699 4522 οἶστρος
1717 4449 1829 4504 tabanus
1851 4449 2037 4520 (linguaquno
2056 4467 2123 4506 nunc

313 4537 424 4583 vocatur
435 4530 557 4586 italiana:
576 4530 675 4599 trilono)
693 4531 1034 4602 B1·ornse(=brennende)
1052 4538 1117 4592 nibil
1130 4539 1203 4595 aliud
1222 4537 1372 4607 significare
1391 4535 1440 4590 nisi
1460 4540 1588 4590 ‘urentem
1600 4534 1748 4588 ferientom’
1768 4535 1966 4590 accuratissimo
1979 4536 2122 4606 explicans,

312 4614 382 4683 apud
395 4614 530 4670 Romanos
545 4617 675 4671 ‘tabanus‘
690 4618 792 4686 vulgari
806 4636 925 4676 sermone
936 4629 1090 4692 usurpatum
1103 4639 1160 4678 esse
1174 4625 1266 4679 merito
1278 4621 1423 4690 contendit,
1436 4638 1516 4690 quarn
1529 4621 1562 4674 ob
1577 4636 1632 4674 rem
1651 4627 1730 4688 poeta
1739 4636 1862 4688 graecam
1880 4635 1972 4674 vocem
1991 4620 2122 4690 praetulit.

462 4701 485 4766 ²)
505 4700 539 4756 Ut
557 4702 627 4771 apud
647 4703 800 4772 Vergilium,
819 4723 862 4762 ros
890 4707 953 4762 luna
988 4715 1082 4762 cantus
1100 4712 1187 4764 avium
1211 4709 1277 4772 [scil.
1303 4705 1683 4775 lusciniao)pr·uedicantu1·a
1702 4705 1732 4759 (l.
1752 4704 1784 4759 do
1802 4704 1923 4760 Boddicn
1944 4705 2059 4760 carmine
2077 4705 2123 4759 illo

314 4787 541 4854 pervagatissimo,
569 4789 645 4841 cuins
667 4788 760 4844 modos
782 4790 844 4843 fecit
865 4791 896 4844 A.
922 4791 1091 4847 Rubinstein:
1118 4793 1166 4848 ‘lis
1184 4795 1269 4849 blinlrt
1287 4794 1334 4848 der
1352 4791 1472 4862 Thasio
1491 4790 1542 4844 den
1562 4789 1679 4845 Grisern
1698 4789 1745 4844 dor
1763 4789 1859 4858 Nacht,
1886 4791 1933 4845 der
1951 4791 2034 4845 blond
2052 4791 2124 4845 nieht

314 4870 426 4926 vortibar
443 4871 469 4925 in
489 4871 573 4927 stiller
590 4872 698 4937 Praobt,
716 4872 759 4927 dic
778 4873 931 4942 Nachugan
949 4877 1020 4944 singt
1037 4878 1064 4930 in
1082 4878 1134 4932 den
1156 4879 1298 4934 Buschem.

464 4957 488 5021 ³1
506 4957 538 5010 ri.
558 4956 615 5012 (ico
633 4957 660 5011 ll
678 4959 742 5012 49οε
764 4958 913 5014 fortunatus
936 4961 989 5028 ills,
1014 4961 1077 5016 deos
1101 4964 1147 5030 qui
1169 4965 1242 5018 novit
1264 4971 1382 5032 agrestes
1401 5002 1509 5016 .....
1546 4961 1624 5015 Illum
1642 4977 1695 5014 non
1713 4961 1805 5030 populi
1823 4961 1988 5028 lasces,{non
2005 4977 2124 5030 purpura

313 5055 403 5105 regum
426 5039 522 5094 Flsxit
546 5049 595 5096 cto.
624 5041 656 5096 cf.
680 5043 800 5112 Scbillcr,
824 5044 909 5099 Braut
931 5061 953 5098 v.
973 5046 1102 5101 Massiua:
1130 5047 1221 5102 <wan
1245 5048 1318 5102 demi
1346 5049 1418 5115 n'elig
1441 5049 1509 5102 rnuss
1532 5046 1576 5101 ich
1599 5046 1644 5100 ibn
1666 5049 1780 5115 preiseu,
1807 5045 1855 5100 der
1874 5047 1902 5100 in
1919 5045 1965 5100 der
1982 5045 2057 5100 Stille
2076 5047 2124 5102 (lar

313 5123 464 5178 ltndlichen
482 5124 591 5180 Flur‘u.
603 5143 623 5180 s.
643 5145 672 5182 vv.
685 5129 718 5183 ci.
737 5129 794 5186 Ges
808 5129 833 5184 ll
853 5129 902 5184 519
921 5147 979 5198 sqq.
1000 5137 1081 5186 ‘venit
1098 5131 1208 5201 hiemps.
1229 5175 1233 5184 .
1253 5173 1259 5187 .
1279 5137 1380 5188 interca
1398 5133 1488 5188 dulces
1506 5131 1623 5201 pendent
1640 5131 1738 5186 circum
1752 5131 1844 5186 oscula
1863 5133 1915 5184 nati
1937 5171 1942 5184 .
1963 5171 1968 5184 .
1987 5130 2046 5186 cil
2065 5133 2123 5196 291,

311 5207 342 5264 cf.
364 5207 421 5263 Gen
439 5207 466 5262 II
485 5208 535 5264 393
555 5210 587 5266 de
605 5210 684 5267 laude
704 5212 793 5284 Veris,
821 5215 891 5270 ‘aria
908 5221 964 5270 turn
982 5223 1108 5272 resonant
1126 5217 1218 5272 avibus
1237 5217 1351 5286 virgulta
1369 5219 1492 5273 canoris‘.
